@article{cardona2005isotope,
  title = {Isotope effects on the optical spectra of semiconductors},
  author = {Cardona, Manuel and Thewalt, M. L. W.},
  journal = {Rev. Mod. Phys.},
  volume = {77},
  issue = {4},
  pages = {1173--1224},
  numpages = {0},
  year = {2005},
  month = {Nov},
  publisher = {American Physical Society},
}

@article{tang2017quantum,
  title={Quantum spin {Hall} state in monolayer {1T'-WTe$_2$}},
  author={Tang, Shujie and Zhang, Chaofan and Wong, Dillon and Pedramrazi, Zahra and Tsai, Hsin-Zon and Jia, Chunjing and Moritz, Brian and Claassen, Martin and Ryu, Hyejin and Kahn, Salman and others},
  journal={Nat. Phys.},
  volume={13},
  number={7},
  pages={683--687},
  year={2017},
  publisher={Nature Publishing Group}
}

@article{fei2017edge,
  title={Edge conduction in monolayer {WTe$_2$}},
  author={Fei, Zaiyao and Palomaki, Tauno and Wu, Sanfeng and Zhao, Wenjin and Cai, Xinghan and Sun, Bosong and Nguyen, Paul and Finney, Joseph and Xu, Xiaodong and Cobden, David H},
  journal={Nat. Phys.},
  volume={13},
  number={7},
  pages={677--682},
  year={2017},
  publisher={Nature Publishing Group}
}

@article{cao2018unconventional,
  title={Unconventional superconductivity in magic-angle graphene superlattices},
  author={Cao, Yuan and Fatemi, Valla and Fang, Shiang and Watanabe, Kenji and Taniguchi, Takashi and Kaxiras, Efthimios and Jarillo-Herrero, Pablo},
  journal={Nature},
  volume={556},
  number={7699},
  pages={43--50},
  year={2018},
  publisher={Nature Publishing Group}
}

@article{cao2018correlated,
  title={Correlated insulator behaviour at half-filling in magic-angle graphene superlattices},
  author={Cao, Yuan and Fatemi, Valla and Demir, Ahmet and Fang, Shiang and Tomarken, Spencer L and Luo, Jason Y and Sanchez-Yamagishi, Javier D and Watanabe, Kenji and Taniguchi, Takashi and Kaxiras, Efthimios and others},
  journal={Nature},
  volume={556},
  number={7699},
  pages={80--84},
  year={2018},
  publisher={Nature Publishing Group}
}

@article{lu2015evidence,
  title={Evidence for two-dimensional {Ising} superconductivity in gated {MoS$_2$}},
  author={Lu, JM and Zheliuk, O and Leermakers, Inge and Yuan, Noah FQ and Zeitler, Uli and Law, Kam Tuen and Ye, JT3445699},
  journal={Science},
  volume={350},
  number={6266},
  pages={1353--1357},
  year={2015},
  publisher={American Association for the Advancement of Science}
}

@article{cao2017topological,
  title={Topological phases in graphene nanoribbons: Junction states, spin centers, and quantum spin chains},
  author={Cao, Ting and Zhao, Fangzhou and Louie, Steven G},
  journal={Phys. Rev. Lett.},
  volume={119},
  number={7},
  pages={076401},
  year={2017},
  publisher={APS}
}

@article{kleinman1982efficacious,
  title = {Efficacious Form for Model Pseudopotentials},
  author = {Kleinman, Leonard and Bylander, D. M.},
  journal = {Phys. Rev. Lett.},
  volume = {48},
  issue = {20},
  pages = {1425--1428},
  numpages = {0},
  year = {1982},
  month = {May},
  publisher = {American Physical Society},
}

@article{mounet2018two,
  title={Two-dimensional materials from high-throughput computational exfoliation of experimentally known compounds},
  author={Mounet, Nicolas and Gibertini, Marco and Schwaller, Philippe and Campi, Davide and Merkys, Andrius and Marrazzo, Antimo and Sohier, Thibault and Castelli, Ivano Eligio and Cepellotti, Andrea and Pizzi, Giovanni and others},
  journal={Nat. Nanotechnol.},
  volume={13},
  number={3},
  pages={246--252},
  year={2018},
  publisher={Nature Publishing Group}
}

@article{novoselov2005two,
  title={Two-dimensional atomic crystals},
  author={Novoselov, Kostya S and Jiang, D and Schedin, F and Booth, TJ and Khotkevich, VV and Morozov, SV and Geim, Andre K},
  journal={Proc. Natl. Acad. Sci. U.S.A.},
  volume={102},
  number={30},
  pages={10451--10453},
  year={2005},
  publisher={National Acad Sciences}
}

@article{felipe2020universal,
  title={Universal slow plasmons and giant field enhancement in atomically thin quasi-two-dimensional metals},
  author={Felipe, H and Xian, Lede and Rubio, Angel and Louie, Steven G},
  journal={Nat. Commun.},
  volume={11},
  number={1},
  pages={1--10},
  year={2020},
  publisher={Nature Publishing Group},
}

@article{qian2014quantum,
  title={Quantum spin {Hall} effect in two-dimensional transition metal dichalcogenides},
  author={Qian, Xiaofeng and Liu, Junwei and Fu, Liang and Li, Ju},
  journal={Science},
  volume={346},
  number={6215},
  pages={1344--1347},
  year={2014},
  publisher={American Association for the Advancement of Science}
}

@article{nguyen2017atomically,
  title={Atomically precise graphene nanoribbon heterojunctions from a single molecular precursor},
  author={Nguyen, Giang D and Tsai, Hsin-Zon and Omrani, Arash A and Marangoni, Tomas and Wu, Meng and Rizzo, Daniel J and Rodgers, Griffin F and Cloke, Ryan R and Durr, Rebecca A and Sakai, Yuki and others},
  journal={Nat. Nanotechnol.},
  volume={12},
  number={11},
  pages={1077},
  year={2017},
  publisher={Nature Publishing Group}
}

@article{rizzo2019length,
  title={Length-dependent evolution of type {II} heterojunctions in bottom-up-synthesized graphene nanoribbons},
  author={Rizzo, Daniel J and Wu, Meng and Tsai, Hsin-Zon and Marangoni, Tomas and Durr, Rebecca A and Omrani, Arash A and Liou, Franklin and Bronner, Christopher and Joshi, Trinity and Nguyen, Giang D and others},
  journal={Nano Lett.},
  volume={19},
  number={5},
  pages={3221--3228},
  year={2019},
  publisher={ACS Publications}
}

@article{chen2020strong,
  title={Strong correlations and orbital texture in single-layer {1T-TaSe$_2$}},
  author={Chen, Yi and Ruan, Wei and Wu, Meng and Tang, Shujie and Ryu, Hyejin and Tsai, Hsin-Zon and Lee, Ryan and Kahn, Salman and Liou, Franklin and Jia, Caihong and others},
  journal={Nat. Phys.},
  volume={16},
  number={2},
  pages={218--224},
  year={2020},
  publisher={Nature Publishing Group}
}

@article{kosterlitz1973ordering,
  title={Ordering, metastability and phase transitions in two-dimensional systems},
  author={Kosterlitz, John Michael and Thouless, David James},
  journal={J. Phys. C: Solid State Phys.},
  volume={6},
  number={7},
  pages={1181},
  year={1973},
  publisher={IOP Publishing}
}

@article{cao2018unifying,
  title = {Unifying optical selection rules for excitons in two dimensions: Band topology and winding numbers},
  author = {Cao, Ting and Wu, Meng and Louie, Steven G.},
  journal = {Phys. Rev. Lett.},
  volume = {120},
  pages = {087402},
  numpages = {6},
  year = {2018},
  publisher = {American Physical Society},
}

@article{wu2019physical,
  title={Physical origin of giant excitonic and magneto-optical responses in two-dimensional ferromagnetic insulators},
  author={Wu, Meng and Li, Zhenglu and Cao, Ting and Louie, Steven G},
  journal={Nat. Commun.},
  volume={10},
  number={1},
  pages={2371},
  year={2019},
  publisher={Nature Publishing Group}
}

@article{guo2019exchange,
  title={Exchange-driven intravalley mixing of excitons in monolayer transition metal dichalcogenides},
  author={Guo, Liang and Wu, Meng and Cao, Ting and Monahan, Daniele M and Lee, Yi-Hsien and Louie, Steven G and Fleming, Graham R},
  journal={Nat. Phys.},
  volume={15},
  number={3},
  pages={228--232},
  year={2019},
  publisher={Nature Publishing Group}
}

@article{li2018ultrasensitive,
  title={Ultrasensitive tunability of the direct bandgap of {2D} {InSe} flakes via strain engineering},
  author={Li, Yang and Wang, Tianmeng and Wu, Meng and Cao, Ting and Chen, Yanwen and Sankar, Raman and Ulaganathan, Rajesh K and Chou, Fangcheng and Wetzel, Christian and Xu, Cheng-Yan and Shi, Su-Fei},
  journal={2D Mater.},
  volume={5},
  number={2},
  pages={021002},
  year={2018},
  publisher={IOP Publishing}
}

@article{shao2016low,
  title={Low rank approximation in {$G_0 W_0$} calculations},
  author={Shao, Meiyue and Lin, Lin and Yang, Chao and Liu, Fang and da Jornada, Felipe H and Deslippe, Jack and Louie, Steven G},
  journal={Sci. China Math.},
  volume={59},
  number={8},
  pages={1593--1612},
  year={2016},
  publisher={Springer}
}

@article{gruneis2014ionization,
  title={Ionization potentials of solids: The importance of vertex corrections},
  author={Gr{\"u}neis, Andreas and Kresse, Georg and Hinuma, Yoyo and Oba, Fumiyasu},
  journal={Phys. Rev. Lett.},
  volume={112},
  number={9},
  pages={096401},
  year={2014},
  publisher={APS}
}

@article{schone1998self,
  title={Self-consistent calculations of quasiparticle states in metals and semiconductors},
  author={Sch{\"o}ne, Wolf-Dieter and Eguiluz, Adolfo G},
  journal={Phys. Rev. Lett.},
  volume={81},
  number={8},
  pages={1662},
  year={1998},
  publisher={APS}
}

@article{marini2004electron,
  title={Electron linewidths of wide-gap insulators: Excitonic effects in {LiF}},
  author={Marini, Andrea and Rubio, Angel},
  journal={Phys. Rev. B},
  volume={70},
  number={8},
  pages={081103},
  year={2004},
  publisher={APS}
}

@article{shishkin2007accurate,
  title={Accurate quasiparticle spectra from self-consistent {$GW$} calculations with vertex corrections},
  author={Shishkin, M and Marsman, M and Kresse, G},
  journal={Phys. Rev. Lett.},
  volume={99},
  number={24},
  pages={246403},
  year={2007},
  publisher={APS}
}

@article{delsole2003longrange,
  title = {Long-range behavior and frequency dependence of exchange-correlation kernels in solids},
  author = {Del Sole, Rodolfo and Adragna, Giovanni and Olevano, Valerio and Reining, Lucia},
  journal = {Phys. Rev. B},
  volume = {67},
  issue = {4},
  pages = {045207},
  numpages = {5},
  year = {2003},
  month = {Jan},
  publisher = {American Physical Society}, 
}

@article{reining2002excitonic,
  title = {Excitonic Effects in Solids Described by Time-Dependent Density-Functional Theory},
  author = {Reining, Lucia and Olevano, Valerio and Rubio, Angel and Onida, Giovanni},
  journal = {Phys. Rev. Lett.},
  volume = {88},
  issue = {6},
  pages = {066404},
  numpages = {4},
  year = {2002},
  month = {Jan},
  publisher = {American Physical Society},
}

@article{cao2017fully,
  title={Fully converged plane-wave-based self-consistent {$GW$} calculations of periodic solids},
  author={Cao, Huawei and Yu, Zhongyuan and Lu, Pengfei and Wang, Lin-Wang},
  journal={Phys. Rev. B},
  volume={95},
  number={3},
  pages={035139},
  year={2017},
  publisher={APS}
}

@article{bruneval2005many,
  title={Many-Body Perturbation Theory Using the Density-Functional Concept: Beyond the {$GW$} Approximation},
  author={Bruneval, Fabien and Sottile, Francesco and Olevano, Valerio and Del Sole, Rodolfo and Reining, Lucia},
  journal={Phys. Rev. Lett.},
  volume={94},
  number={18},
  pages={186402},
  year={2005},
  publisher={APS}
}

@article{delsole1884GWGamma,
  title = {{$GW \Gamma$} approximation for electron self-energies in semiconductors and insulators},
  author = {Del Sole, R. and Reining, Lucia and Godby, R. W.},
  journal = {Phys. Rev. B},
  volume = {49},
  issue = {12},
  pages = {8024--8028},
  numpages = {0},
  year = {1994},
  month = {Mar},
  publisher = {American Physical Society},
}

@article{garcia2001self,
  title={Self-consistent calculation of total energies of the electron gas using many-body perturbation theory},
  author={Garc{\'{i}}a-Gonz{\'a}lez, P and Godby, Rex William},
  journal={Phys. Rev. B},
  volume={63},
  number={7},
  pages={075112},
  year={2001},
  publisher={APS}
}

@article{delaney2004comment,
  title = {Comment on ``{Band}-Gap Problem in Semiconductors Revisited: Effects of Core States and Many-Body Self-Consistency''},
  author = {Delaney, Kris and Garc\'{\i}a-Gonz\'alez, P. and Rubio, Angel and Rinke, Patrick and Godby, R. W.},
  journal = {Phys. Rev. Lett.},
  volume = {93},
  issue = {24},
  pages = {249701},
  numpages = {1},
  year = {2004},
  month = {Dec},
  publisher = {American Physical Society},
}

@article{kotani2007quasiparticle,
  title={Quasiparticle self-consistent {$GW$} method: A short summary},
  author={Kotani, Takao and van Schilfgaarde, Mark and Faleev, Sergey V and Chantis, Athanasios},
  journal={J. Phys.: Condens. Matter},
  volume={19},
  number={36},
  pages={365236},
  year={2007},
  publisher={IOP Publishing}
}

@article{vanschilfgaarde2006quasiparticle,
  title = {Quasiparticle Self-Consistent {$GW$} Theory},
  author = {van Schilfgaarde, M. and Kotani, Takao and Faleev, S.},
  journal = {Phys. Rev. Lett.},
  volume = {96},
  issue = {22},
  pages = {226402},
  numpages = {4},
  year = {2006},
  month = {Jun},
  publisher = {American Physical Society},
}

@article{faleev2004allelectron,
  title = {All-Electron Self-Consistent {$GW$} Approximation: Application to {Si}, {MnO}, and {NiO}},
  author = {Faleev, Sergey V. and van Schilfgaarde, Mark and Kotani, Takao},
  journal = {Phys. Rev. Lett.},
  volume = {93},
  issue = {12},
  pages = {126406},
  numpages = {4},
  year = {2004},
  month = {Sep},
  publisher = {American Physical Society},
}

@article{holm1999total,
  title = {Total Energies from {$GW$} Calculations},
  author = {Holm, Bengt},
  journal = {Phys. Rev. Lett.},
  volume = {83},
  issue = {4},
  pages = {788--791},
  numpages = {0},
  year = {1999},
  month = {Jul},
  publisher = {American Physical Society},
}

@article{golze2019gw,
  title={The {$GW$} compendium: A practical guide to theoretical photoemission spectroscopy},
  author={Golze, Dorothea and Dvorak, Marc and Rinke, Patrick},
  journal={Front. Chem.},
  volume={7},
  pages={377},
  year={2019},
  publisher={Frontiers}
}

@article{lischner2014effects,
  title = {Effects of self-consistency and plasmon-pole models on {$GW$} calculations for closed-shell molecules},
  author = {Lischner, Johannes and Sharifzadeh, Sahar and Deslippe, Jack and Neaton, Jeffrey B. and Louie, Steven G.},
  journal = {Phys. Rev. B},
  volume = {90},
  issue = {11},
  pages = {115130},
  numpages = {6},
  year = {2014},
  month = {Sep},
  publisher = {American Physical Society},
}

@article{shishkin2007selfconsistent,
  title = {Self-consistent {$GW$} calculations for semiconductors and insulators},
  author = {Shishkin, M. and Kresse, G.},
  journal = {Phys. Rev. B},
  volume = {75},
  issue = {23},
  pages = {235102},
  numpages = {9},
  year = {2007},
  month = {Jun},
  publisher = {American Physical Society},
}

@article{caruso2016benchmark,
  title={Benchmark of {$GW$} approaches for the {$GW$}100 test set},
  author={Caruso, Fabio and Dauth, Matthias and van Setten, Michiel J and Rinke, Patrick},
  journal={J. Chem. Theory Comput.},
  volume={12},
  number={10},
  pages={5076--5087},
  year={2016},
  publisher={ACS Publications}
}

@article{fuchs2007fuchs,
  title = {Quasiparticle band structure based on a generalized {Kohn-Sham} scheme},
  author = {Fuchs, F. and Furthm\"uller, J. and Bechstedt, F. and Shishkin, M. and Kresse, G.},
  journal = {Phys. Rev. B},
  volume = {76},
  issue = {11},
  pages = {115109},
  numpages = {8},
  year = {2007},
  month = {Sep},
  publisher = {American Physical Society},
}

@article{rinke2005combining,
  title={Combining {$GW$} calculations with exact-exchange density-functional theory: An analysis of valence-band photoemission for compound semiconductors},
  author={Rinke, Patrick and Qteish, Abdallah and Neugebauer, J{\"o}rg and Freysoldt, Christoph and Scheffler, Matthias},
  journal={New J. Phys.},
  volume={7},
  number={1},
  pages={126},
  year={2005},
  publisher={IOP Publishing}
}

@article{bruneval2013benchmarking,
  title={Benchmarking the starting points of the {$GW$} approximation for molecules},
  author={Bruneval, Fabien and Marques, Miguel A. L.},
  journal={J. Chem. Theory Comput.},
  volume={9},
  number={1},
  pages={324--329},
  year={2013},
  publisher={ACS Publications}
}

@article{geim2013van,
  title={Van der {Waals} heterostructures},
  author={Geim, Andre K and Grigorieva, Irina V},
  journal={Nature},
  volume={499},
  number={7459},
  pages={419--425},
  year={2013},
  publisher={Nature Publishing Group}
}

@article{bhimanapati2015recent,
  title={Recent advances in two-dimensional materials beyond graphene},
  author={Bhimanapati, Ganesh R and Lin, Zhong and Meunier, Vincent and Jung, Yeonwoong and Cha, Judy and Das, Saptarshi and Xiao, Di and Son, Youngwoo and Strano, Michael S and Cooper, Valentino R and others},
  journal={ACS nano},
  volume={9},
  number={12},
  pages={11509--11539},
  year={2015},
  publisher={ACS Publications}
}

@book{peter2010fundamentals,
  title={Fundamentals of Semiconductors: Physics and Materials Properties},
  author={Peter, Yu and Cardona, Manuel},
  year={2010},
  publisher={Springer Science \& Business Media}
}

@article{novoselov2004electric,
  title={Electric field effect in atomically thin carbon films},
  author={Novoselov, Kostya S. and Geim, Andre K. and Morozov, Sergei V. and Jiang, D. and Zhang, Y. and Dubonos, Sergey V. and Grigorieva, Irina V. and Firsov, Alexandr A.},
  journal={Science},
  volume={306},
  number={5696},
  pages={666--669},
  year={2004},
  publisher={American Association for the Advancement of Science}
}

@book{mansuripur1998physical,
  title={The Physical Principles of Magneto-Optical Recording},
  author={Mansuripur, Masud},
  year={1998},
  publisher={Cambridge University Press}
}

@article{liu1988polar,
  title={Polar {Kerr}-effect observation of perpendicular surface anisotropy for ultrathin fcc {Fe} grown on {Cu} (100)},
  author={Liu, C and Moog, E. R. and Bader, S. D.},
  journal={Phys. Rev. Lett.},
  volume={60},
  number={23},
  pages={2422},
  year={1988},
  publisher={APS}
}

@article{bader1991smoke,
  title={{SMOKE}},
  author={Bader, Samuel D.},
  journal={J. Magn. Magn. Mater.},
  volume={100},
  number={1-3},
  pages={440--454},
  year={1991},
  publisher={Elsevier}
}

@article{schafer1990new,
  title={A new magnetooptic effect related to non-uniform magnetization on the surface of a ferromagnet},
  author={Sch{\"a}fer, Rudolf and Hubert, Alex},
  journal={Phys. Status Solidi A},
  volume={118},
  number={1},
  pages={271--288},
  year={1990},
  publisher={Wiley Online Library}
}

@book{hubert2008magnetic,
  title={Magnetic Domains: The Analysis of Magnetic Microstructures},
  author={Hubert, Alex and Sch{\"a}fer, Rudolf},
  year={2008},
  publisher={Springer Science \& Business Media}
}

@article{oppeneer1996first,
  title={First-principles study of the giant magneto-optical {Kerr} effect in {MnBi} and related compounds},
  author={Oppeneer, P. M. and Antonov, V. N. and Kraft, T. and Eschrig, H. and Yaresko, A. N. and Perlov, A. Ya},
  journal={J. Appl. Phys.},
  volume={80},
  number={2},
  pages={1099--1105},
  year={1996},
  publisher={American Institute of Physics}
}

@article{wang1994first,
  title={First principles study of magneto-optical properties of half metallic {Heusler} alloys: {NiMnSb} and {PtMnSb}},
  author={Wang, Xindong and Antropov, V. P. and Harmon, B. N.},
  journal={IEEE Trans. Magn.},
  volume={30},
  number={6},
  pages={4458--4460},
  year={1994},
  publisher={IEEE}
}

@article{yao2004first,
  title = {First-Principles Calculation of Anomalous {Hall} Conductivity in Ferromagnetic bcc {Fe}},
  author = {Yao, Yugui and Kleinman, Leonard and MacDonald, A. H. and Sinova, Jairo and Jungwirth, T. and Wang, Ding-Sheng and Wang, Enge and Niu, Qian},
  journal = {Phys. Rev. Lett.},
  volume = {92},
  issue = {3},
  pages = {037204},
  numpages = {4},
  year = {2004},
  month = {Jan},
  publisher = {American Physical Society},
}

@book{sze2006physics,
  title={Physics of Semiconductor Devices},
  author={Sze, Simon M and Ng, Kwok K},
  year={2006},
  publisher={John Wiley \& Sons}
}

@article{adachi1985gaas,
  title={{GaAs}, {AlAs}, and {Al$_{x}$Ga$_{1-x}$As}: Material parameters for use in research and device applications},
  author={Adachi, Sadao},
  journal={J. Appl. Phys.},
  volume={58},
  number={3},
  pages={R1--R29},
  year={1985},
  publisher={American Institute of Physics}
}

@article{blakemore1982semiconducting,
  title={Semiconducting and other major properties of gallium arsenide},
  author={Blakemore, J. S. },
  journal={J. Appl. Phys.},
  volume={53},
  number={10},
  pages={R123--R181},
  year={1982},
  publisher={American Institute of Physics}
}

@article{liu1962effects,
  title = {Effects of Spin-Orbit Coupling in {Si} and {Ge}},
  author = {Liu, L.},
  journal = {Phys. Rev.},
  volume = {126},
  issue = {4},
  pages = {1317--1328},
  numpages = {0},
  year = {1962},
  month = {May},
  publisher = {American Physical Society},
}

@article{yu1989spinorbit,
  title = {Spin-orbit splitting of the valence bands in silicon determined by means of high-resolution photoconductive spectroscopy},
  author = {Yu, Zhiyi and Huang, Y. X. and Shen, S. C.},
  journal = {Phys. Rev. B},
  volume = {39},
  issue = {9},
  pages = {6287--6289},
  numpages = {0},
  year = {1989},
  month = {Mar},
  publisher = {American Physical Society},
}

@article{rome1982additional,
  title = {Additional ${p}_{\frac{3}{2}}$ and ${p}_{\frac{1}{2}}$ infrared excited-state lines of gallium and indium in silicon},
  author = {Rome, John J. and Spry, Robert J. and Chandler, Thomas C. and Brown, Gail J. and Covington, B. C. and Harris, Richard J.},
  journal = {Phys. Rev. B},
  volume = {25},
  issue = {6},
  pages = {3615--3618},
  numpages = {0},
  year = {1982},
  month = {Mar},
  publisher = {American Physical Society},
}

@article{zwerdling1960internal,
  title = {Internal Impurity Levels in Semiconductors: Experiments in $p$-Type Silicon},
  author = {Zwerdling, Solomon and Button, Kenneth J. and Lax, Benjamin and Roth, Laura M.},
  journal = {Phys. Rev. Lett.},
  volume = {4},
  issue = {4},
  pages = {173--176},
  numpages = {0},
  year = {1960},
  month = {Feb},
  publisher = {American Physical Society},
}

@article{fischer1983additional,
  title = {Additional structure in infrared excitation spectra of group-{III} acceptors in silicon},
  author = {Fischer, David W. and Rome, John J.},
  journal = {Phys. Rev. B},
  volume = {27},
  issue = {8},
  pages = {4826--4832},
  numpages = {0},
  year = {1983},
  month = {Apr},
  publisher = {American Physical Society},
}

@article{cohen1984application,
  title={Application of the pseudopotential model to solids},
  author={Cohen, Marvin L.},
  journal={Annu. Rev. Mater. Sci.},
  volume={14},
  number={1},
  pages={119--144},
  year={1984},
  publisher={Annual Reviews 4139 El Camino Way, PO Box 10139, Palo Alto, CA 94303-0139, USA}
}

@article{phillips1959new,
  title = {New Method for Calculating Wave Functions in Crystals and Molecules},
  author = {Phillips, James C. and Kleinman, Leonard},
  journal = {Phys. Rev.},
  volume = {116},
  issue = {2},
  pages = {287--294},
  numpages = {0},
  year = {1959},
  month = {Oct},
  publisher = {American Physical Society},
}

@misc{giannozzi2010notes,
  title={Notes on pseudopotential generation},
  author={Giannozzi, Paolo},
  year={2010},
  url={{http://www.fisica.uniud.it/~giannozz}},
}

@article{essin2009magnetoelectric,
  title = {Magnetoelectric polarizability and axion electrodynamics in crystalline insulators},
  author = {Essin, Andrew M. and Moore, Joel E. and Vanderbilt, David},
  journal = {Phys. Rev. Lett.},
  volume = {102},
  @issue = {14},
  pages = {146805},
  numpages = {4},
  year = {2009},
  publisher = {American Physical Society},
}

@article{zhang2018optical,
  title = {Optical selection rule of excitons in gapped chiral fermion systems},
  author = {Zhang, Xiaoou and Shan, Wen-Yu and Xiao, Di},
  journal = {Phys. Rev. Lett.},
  volume = {120},
  @issue = {7},
  pages = {077401},
  numpages = {5},
  year = {2018},
  publisher = {American Physical Society},
}

@article{park2010tunable,
author = {Park, Cheol-Hwan and Louie, Steven G.},
title = {Tunable excitons in biased bilayer graphene},
journal = {Nano Lett.},
volume = {10},
number = {2},
pages = {426-431},
year = {2010},
}

@article{thouless1982quantized,
  title = {Quantized {Hall} conductance in a two-dimensional periodic potential},
  author = {Thouless, D. J. and Kohmoto, M. and Nightingale, M. P. and den Nijs, M.},
  journal = {Phys. Rev. Lett.},
  volume = {49},
  @issue = {6},
  pages = {405--408},
  numpages = {0},
  year = {1982},
  publisher = {American Physical Society},
}

@article{mermin1979the,
  title = {The topological theory of defects in ordered media},
  author = {Mermin, N. D.},
  journal = {Rev. Mod. Phys.},
  volume = {51},
  pages = {591--648},
  numpages = {0},
  year = {1979},
  publisher = {American Physical Society},
}

@article{qi2011topological,
  title = {Topological insulators and superconductors},
  author = {Qi, Xiao-Liang and Zhang, Shou-Cheng},
  journal = {Rev. Mod. Phys.},
  volume = {83},
  @issue = {4},
  pages = {1057--1110},
  numpages = {0},
  year = {2011},
  publisher = {American Physical Society},
}

@article{hasan2010colloquium,
  title = {Colloquium: Topological insulators},
  author = {Hasan, M. Z. and Kane, C. L.},
  journal = {Rev. Mod. Phys.},
  volume = {82},
  @issue = {4},
  pages = {3045--3067},
  numpages = {0},
  year = {2010},
  publisher = {American Physical Society},
}

@article{dresselhaus1956effective,
  title={Effective mass approximation for excitons},
  author={Dresselhaus, Go},
  journal={J. Phys. Chem. Sol.},
  volume={1},
  number={1-2},
  pages={14--22},
  year={1956},
  publisher={Elsevier}
}

@article{elliott1957intensity,
  title={Intensity of optical absorption by excitons},
  author={Elliott, R. J.},
  journal={Phys. Rev.},
  volume={108},
  number={6},
  pages={1384},
  year={1957},
  publisher={APS}
}

@article{he2014tightly,
  title = {Tightly bound excitons in monolayer {WSe$_2$}},
  author = {He, Keliang and Kumar, Nardeep and Zhao, Liang and Wang, Zefang and Mak, Kin Fai and Zhao, Hui and Shan, Jie},
  journal = {Phys. Rev. Lett.},
  volume = {113},
  @issue = {2},
  pages = {026803},
  numpages = {5},
  year = {2014},
  publisher = {American Physical Society},
}

@article{chernikov2014exciton,
  title = {Exciton binding energy and nonhydrogenic {Rydberg} series in monolayer {WS$_2$}},
  author = {Chernikov, Alexey and Berkelbach, Timothy C. and Hill, Heather M. and Rigosi, Albert and Li, Yilei and Aslan, Ozgur Burak and Reichman, David R. and Hybertsen, Mark S. and Heinz, Tony F.},
  journal = {Phys. Rev. Lett.},
  volume = {113},
  @issue = {7},
  pages = {076802},
  numpages = {5},
  year = {2014},
  publisher = {American Physical Society},
}

@Article{gross1956optical,
author={Gross, E. F.},
title={Optical spectrum of excitons in the crystal lattice},
journal={Il Nuovo Cimento (1955-1965)},
year={1956},
volume={3},
number={4},
pages={672--701},
}

@article{mccann2013electronic,
  author={Edward McCann and Mikito Koshino},
  title={The electronic properties of bilayer graphene},
  journal={Rep. Prog. Phys.},
  volume={76},
  number={5},
  pages={056503},
  year={2013}
}

@article{sui2015gate,
  title={Gate-tunable topological valley transport in bilayer graphene},
  author={Sui, Mengqiao and Chen, Guorui and Ma, Liguo and Shan, Wen-Yu and Tian, Dai and Watanabe, Kenji and Taniguchi, Takashi and Jin, Xiaofeng and Yao, Wang and Xiao, Di and others},
  journal={Nat. Phys.},
  volume={11},
  number={12},
  pages={1027--1031},
  year={2015},
  publisher={Nature Publishing Group}
}

@article{ju2015topological,
  title={Topological valley transport at bilayer graphene domain walls},
  author={Ju, Long and Shi, Zhiwen and Nair, Nityan and Lv, Yinchuan and Jin, Chenhao and Velasco Jr, Jairo and Ojeda-Aristizabal, Claudia and Bechtel, Hans A and Martin, Michael C and Zettl, Alex and others},
  journal={Nature},
  volume={520},
  number={7549},
  pages={650-655},
  year={2015},
  publisher={Nature Publishing Group}
}

@article {zhang2013valley,
	author = {Zhang, Fan and MacDonald, Allan H. and Mele, Eugene J.},
	title = {Valley {Chern} numbers and boundary modes in gapped bilayer graphene},
	volume = {110},
	number = {26},
	pages = {10546--10551},
	year = {2013},
	publisher = {National Academy of Sciences},
	journal = {Proc. Natl. Acad. Sci. U.S.A.}
}

@article{zhou2015berry,
  title = {Berry phase modification to the energy spectrum of excitons},
  author = {Zhou, Jianhui and Shan, Wen-Yu and Yao, Wang and Xiao, Di},
  journal = {Phys. Rev. Lett.},
  volume = {115},
  @issue = {16},
  pages = {166803},
  numpages = {5},
  year = {2015},
  publisher = {American Physical Society},
}

@article{srivastava2015signatures,
  title = {Signatures of {Bloch}-band geometry on excitons: Nonhydrogenic spectra in transition-metal dichalcogenides},
  author = {Srivastava, Ajit and Imamo{\u{g}}lu, Ata{\c{c}}},
  journal = {Phys. Rev. Lett.},
  volume = {115},
  @issue = {16},
  pages = {166802},
  numpages = {5},
  year = {2015},
  publisher = {American Physical Society},
}

@article{bao2011stacking,
  title={Stacking-dependent band gap and quantum transport in trilayer graphene},
  author={Bao, Wenzhong and Jing, Lei and Velasco Jr, J. and Lee, Y. and Liu, Gang and Tran, D. and Standley, B. and Aykol, M. and Cronin, S. B. and Smirnov, D. and others},
  journal={Nat. Phys.},
  volume={7},
  number={12},
  pages={948--952},
  year={2011},
  publisher={Nature Publishing Group}
}

@article{lui2011observation,
  title={Observation of an electrically tunable band gap in trilayer graphene},
  author={Lui, Chun Hung and Li, Zhiqiang and Mak, Kin Fai and Cappelluti, Emmanuele and Heinz, Tony F.},
  journal={Nat. Phys.},
  volume={7},
  number={12},
  pages={944--947},
  year={2011},
  publisher={Nature Publishing Group}
}

@article{zhang2009direct,
  title={Direct observation of a widely tunable bandgap in bilayer graphene},
  author={Zhang, Yuanbo and Tang, Tsung-Ta and Girit, Caglar and Hao, Zhao and Martin, Michael C and Zettl, Alex and Crommie, Michael F and Shen, Y Ron and Wang, Feng},
  journal={Nature},
  volume={459},
  number={7248},
  pages={820--823},
  year={2009},
  publisher={Nature Publishing Group}
}

@article{gorbachev2014detecting,
  title={Detecting topological currents in graphene superlattices},
  author={Gorbachev, R. V. and Song, J. C. W. and Yu, G. L.  and Kretinin, A. V. and Withers, F. and Cao, Y. and Mishchenko, A. and Grigorieva, I. V. and Novoselov, K. S. and Levitov, L. S. and others},
  journal={Science},
  volume={346},
  number={6208},
  pages={448--451},
  year={2014},
  publisher={American Association for the Advancement of Science}
}

@article{mak2012control,
  title={Control of valley polarization in monolayer {MoS$_2$} by optical helicity},
  author={Mak, Kin Fai and He, Keliang and Shan, Jie and Heinz, Tony F.},
  journal={Nat. Nanotechnol.},
  volume={7},
  number={8},
  pages={494--498},
  year={2012},
  publisher={Nature Publishing Group}
}

@article{zeng2012valley,
  title={Valley polarization in {MoS$_2$} monolayers by optical pumping},
  author={Zeng, Hualing and Dai, Junfeng and Yao, Wang and Xiao, Di and Cui, Xiaodong},
  journal={Nat. Nanotechnol.},
  volume={7},
  number={8},
  pages={490--493},
  year={2012},
  publisher={Nature Publishing Group}
}

@book{ebert1996spin,
  title={Spin-Orbit-Influenced Spectroscopies of Magnetic Solids},
  author={Ebert, Hubert and Sch{\"u}tz, Gisela},
  year={1996},
  publisher={Springer}
}

@article{ebert1996magneto,
  title={Magneto-optical effects in transition metal systems},
  author={Ebert, H.},
  journal={Rep. Prog. Phys.},
  volume={59},
  number={12},
  pages={1665},
  year={1996},
  publisher={IOP Publishing}
}

@article{guo1995bandtheoretical,
  title = {Band-theoretical investigation of the magneto-optical {Kerr} effect in {Fe} and {Co} multilayers},
  author = {Guo, G.-Y. and Ebert, H.},
  journal = {Phys. Rev. B},
  volume = {51},
  issue = {18},
  pages = {12633--12643},
  numpages = {0},
  year = {1995},
  month = {May},
  publisher = {American Physical Society},
}

@article{guo1996origins,
  title={On the origins of the enhanced magneto-optical {Kerr} effect in ultrathin {Fe} and {Co} multilayers},
  author={Guo, G.-Y. and Ebert, H.},
  journal={J. Magn. Magn. Mater.},
  volume={156},
  number={1-3},
  pages={173--174},
  year={1996},
  publisher={Elsevier}
}

@article{PhysRevB.50.10377,
  title = {Theoretical investigation of the orientation dependence of the magneto-optical {Kerr} effect in {Co}},
  author = {Guo, G.-Y. and Ebert, H.},
  journal = {Phys. Rev. B},
  volume = {50},
  issue = {14},
  pages = {10377--10380},
  numpages = {0},
  year = {1994},
  month = {Oct},
  publisher = {American Physical Society},
}

@article{feng2015large,
  title = {Large magneto-optical {Kerr} effect in noncollinear antiferromagnets {Mn$_3$X (X=Rh, Ir, Pt)}},
  author = {Feng, Wanxiang and Guo, Guang-Yu and Zhou, Jian and Yao, Yugui and Niu, Qian},
  journal = {Phys. Rev. B},
  volume = {92},
  issue = {14},
  pages = {144426},
  numpages = {6},
  year = {2015},
  month = {Oct},
  publisher = {American Physical Society},
}

@article{kramers1930theorie,
  title={Th{\'e}orie g{\'e}n{\'e}rale de la rotation paramagn{\'e}tique dans les cristaux},
  author={Kramers, Hendrik Antoon},
  journal={Proc. R. Neth. Acad. Arts Sci.},
  volume={33},
  number={6},
  pages = {959--972},
  year={1930}
}

@article{voigt1899zur,
  title={{zur} {Theorie} der magneto-optischen {Erscheinungen}},
  author={W. Voigt},
  journal={Ann. Phys. u. Chem.},
  volume={67},
  number={345-365},
  year={1899}
}

@article{faradayexperimental,
  title={Experimental Researches in Electricity},
  author={M. Faraday},
  journal={Proc. R. Soc.},
  volume={5},
  number={567-569},
  year={1845}
}

@article{kerr1876on,
  title={On Rotation of the Plane of Polarisation by Reflection from a Magnetic Pole},
  author={J. Kerr},
  journal={Rep. Brit. Assoc. Adv. Sci.},
  volume={45},
  number={40-41},
  year={1876}
}

@article{kerr1877on,
  title={On Rotation of the Plane of Polarisation by Reflection from the Pole of a Magnet},
  author={J. Kerr},
  journal={Phil. Mag.},
  volume={3},
  number={321-343},
  year={1877}
}

@book{sakurai1967advanced,
  title={Advanced Quantum Mechanics},
  author={Sakurai, Jun John},
  year={1967},
  publisher={Pearson Education India}
}

@article{shao2016structure,
  title={Structure preserving parallel algorithms for solving the {Bethe-Salpeter} eigenvalue problem},
  author={Shao, Meiyue and Felipe, H and Yang, Chao and Deslippe, Jack and Louie, Steven G},
  journal={Linear Algebra Its Appl.},
  volume={488},
  pages={148--167},
  year={2016},
  publisher={Elsevier}
}

@article{liu2015numerical,
  title={Numerical integration for \emph{ab initio} many-electron self energy calculations within the {$GW$} approximation},
  author={Liu, Fang and Lin, Lin and Vigil-Fowler, Derek and Lischner, Johannes and Kemper, Alexander F. and Sharifzadeh, Sahar and da Jornada, Felipe H. and Deslippe, Jack and Yang, Chao and Neaton, Jeffrey B. and Louie, Steven G.},
  journal={J. Comput. Phys.},
  volume={286},
  pages={1--13},
  year={2015},
  publisher={Elsevier}
}

@article{shao2018structure,
  title={A structure preserving {Lanczos} algorithm for computing the optical absorption spectrum},
  author={Shao, Meiyue and da Jornada, Felipe H. and Lin, Lin and Yang, Chao and Deslippe, Jack and Louie, Steven G.},
  journal={SIAM J. Matrix Anal. Appl.},
  volume={39},
  number={2},
  pages={683--711},
  year={2018},
  publisher={SIAM}
}

@article{gruning2009exciton,
  title={Exciton-plasmon states in nanoscale materials: Breakdown of the {Tamm-Dancoff} approximation},
  author={Gr\"{u}ning, Myrta and Marini, Andrea and Gonze, Xavier},
  journal={Nano Lett.},
  volume={9},
  number={8},
  pages={2820--2824},
  year={2009},
  publisher={ACS Publications}
}

@article{qiu2016screening,
  title = {Screening and many-body effects in two-dimensional crystals: Monolayer {${\mathrm{MoS}}_{2}$}},
  author = {Qiu, Diana Y. and da Jornada, Felipe H. and Louie, Steven G.},
  journal = {Phys. Rev. B},
  volume = {93},
  issue = {23},
  pages = {235435},
  numpages = {12},
  year = {2016},
  month = {Jun},
  publisher = {American Physical Society},
}

@article{yang2007excitonic,
    Author = {Yang, Li and Cohen, Marvin L. and Louie, Steven G.},
    Journal = {Nano Lett.},
    Month = {10},
    Number = {10},
    Pages = {3112--3115},
    Title = {Excitonic Effects in the Optical Spectra of Graphene Nanoribbons},
    Volume = {7},
    Year = {2007},
}

@article{bychkov1984properties,
  title={Properties of a {2D} electron gas with lifted spectral degeneracy},
  author={Bychkov, {Yu.} A. and Rashba, {\'E}. I.},
  journal={JETP Lett.},
  volume={39},
  number={2},
  pages={78},
  year={1984}
}

@article{rashba1959symmetry,
  title={Symmetry of Energy Bands in Crystals of Wurtzite Type {II}. {Symmetry} of Bands with Spin-Orbit Interaction Included},
  author={{\'E}. I. Rashba and V. I. Sheka},
  journal={Fiz. Tverd. Tela: Collected Papers},
  volume={2},
  pages={162-176},
  year={1959}
}

@article{cao2012valley,
  title={Valley-selective circular dichroism of monolayer molybdenum disulphide},
  author={Cao, Ting and Wang, Gang and Han, Wenpeng and Ye, Huiqi and Zhu, Chuanrui and Shi, Junren and Niu, Qian and Tan, Pingheng and Wang, Enge and Liu, Baoli and others},
  journal={Nat. Commun.},
  volume={3},
  number={1},
  pages={1--5},
  year={2012},
  publisher={Nature Publishing Group}
}

@article{dresselhaus1955spin,
  title={Spin-orbit coupling effects in zinc blende structures},
  author={Dresselhaus, Gene},
  journal={Phys. Rev.},
  volume={100},
  number={2},
  pages={580},
  year={1955},
  publisher={APS},
}

@article{bernevig2006quantum2,
  title={Quantum spin {Hall} effect and topological phase transition in {HgTe} quantum wells},
  author={Bernevig, B Andrei and Hughes, Taylor L and Zhang, Shou-Cheng},
  journal={Science},
  volume={314},
  number={5806},
  pages={1757--1761},
  year={2006},
  publisher={American Association for the Advancement of Science},
}

@article{bernevig2006quantum,
  title={Quantum spin {Hall} effect},
  author={Bernevig, B Andrei and Zhang, Shou-Cheng},
  journal={Phys. Rev. Lett.},
  volume={96},
  number={10},
  pages={106802},
  year={2006},
  publisher={APS}
}

@article{kane2005quantum,
  title = {Quantum Spin {Hall} Effect in Graphene},
  author = {Kane, C. L. and Mele, E. J.},
  journal = {Phys. Rev. Lett.},
  volume = {95},
  issue = {22},
  pages = {226801},
  numpages = {4},
  year = {2005},
  month = {Nov},
  publisher = {American Physical Society},
}

@article{haldane1988model,
  title={Model for a quantum {Hall} effect without {Landau} levels: Condensed-matter realization of the ``parity anomaly''},
  author={Haldane, F. D. M.},
  journal={Phys. Rev. Lett.},
  volume={61},
  number={18},
  pages={2015},
  year={1988},
  publisher={APS}
}

@article{bihlmayer2015focus,
 year = {2015},
 month = {may},
 publisher = {{IOP} Publishing},
 volume = {17},
 number = {5},
 pages = {050202},
 author = {G. Bihlmayer and O. Rader and R. Winkler},
 title = {Focus on the {Rashba} effect},
 journal = {New J. Phys.},
}

@article{hanke1978dielectric,
  title={Dielectric theory of elementary excitations in crystals},
  author={Hanke, W.},
  journal={Adv. Phys.},
  volume={27},
  number={2},
  pages={287--341},
  year={1978},
  publisher={Taylor \& Francis}
}

@article{ellsworth2016photo,
  title={Photo-spin-voltaic effect},
  author={Ellsworth, David and Lu, Lei and Lan, Jin and Chang, Houchen and Li, Peng and Wang, Zhe and Hu, Jun and Johnson, Bryan and Bian, Yuqi and Xiao, Jiang and others},
  journal={Nat. Phys.},
  volume={12},
  number={9},
  pages={861--866},
  year={2016},
  publisher={Nature Publishing Group}
}

@article{fiederling1999injection,
  title={Injection and detection of a spin-polarized current in a light-emitting diode},
  author={Fiederling, R. and Keim, M. and Reuscher, G. and Ossau, W. and Schmidt, G. and Waag, A. and Molenkamp, L. W.},
  journal={Nature},
  volume={402},
  number={6763},
  pages={787--790},
  year={1999},
  publisher={Nature Publishing Group}
}

@article{ohno1999electrical,
  title={Electrical spin injection in a ferromagnetic semiconductor heterostructure},
  author={Ohno, Y. and Young, D. K. and Beschoten, B. and Matsukura, Fumihiro and Ohno, Hideo and Awschalom, D. D.},
  journal={Nature},
  volume={402},
  number={6763},
  pages={790--792},
  year={1999},
  publisher={Nature Publishing Group}
}

@article{jiang2018electric,
  title={Electric-field switching of two-dimensional van der {Waals} magnets},
  author={Jiang, Shengwei and Shan, Jie and Mak, Kin Fai},
  journal={Nat. Mater.},
  volume={17},
  number={5},
  pages={406--410},
  year={2018},
  publisher={Nature Publishing Group}
}

@article{wang2012electronics,
  title={Electronics and optoelectronics of two-dimensional transition metal dichalcogenides},
  author={Wang, Qing Hua and Kalantar-Zadeh, Kourosh and Kis, Andras and Coleman, Jonathan N. and Strano, Michael S.},
  journal={Nat. Nanotechnol.},
  volume={7},
  number={11},
  pages={699--712},
  year={2012},
  publisher={Nature Publishing Group}
}

@article{bandurin2017high,
  title={High electron mobility, quantum {Hall} effect and anomalous optical response in atomically thin {InSe}},
  author={Bandurin, Denis A. and Tyurnina, Anastasia V. and Geliang, L. Yu and Mishchenko, Artem and Z{\'o}lyomi, Viktor and Morozov, Sergey V and Kumar, Roshan Krishna and Gorbachev, Roman V and Kudrynskyi, Zakhar R and Pezzini, Sergio and others},
  journal={Nat. Nanotechnol.},
  volume={12},
  number={3},
  pages={223--227},
  year={2017},
  publisher={Nature Publishing Group}
}

@article{li2014black,
  title={Black phosphorus field-effect transistors},
  author={Li, Likai and Yu, Yijun and Ye, Guo Jun and Ge, Qingqin and Ou, Xuedong and Wu, Hua and Feng, Donglai and Chen, Xian Hui and Zhang, Yuanbo},
  journal={Nat. Nanotechnol.},
  volume={9},
  number={5},
  pages={372},
  year={2014},
  publisher={Nature Publishing Group}
}

@article{britnell2012electron,
  title={Electron tunneling through ultrathin boron nitride crystalline barriers},
  author={Britnell, Liam and Gorbachev, Roman V. and Jalil, Rashid and Belle, Branson D. and Schedin, Fred and Katsnelson, Mikhail I. and Eaves, Laurence and Morozov, Sergey V. and Mayorov, Alexander S. and Peres, Nuno M. R. and others},
  journal={Nano Lett.},
  volume={12},
  number={3},
  pages={1707--1710},
  year={2012},
  publisher={ACS Publications}
}

@article{lee2011electron,
  title={Electron tunneling through atomically flat and ultrathin hexagonal boron nitride},
  author={Lee, Gwan-Hyoung and Yu, Young-Jun and Lee, Changgu and Dean, Cory and Shepard, Kenneth L. and Kim, Philip and Hone, James},
  journal={Appl. Phys. Lett.},
  volume={99},
  number={24},
  pages={243114},
  year={2011},
  publisher={American Institute of Physics}
}

@article{yu2019high,
  title={High-temperature superconductivity in monolayer {Bi$_2$Sr$_2$CaCu$_2$O$_{8+\delta}$}},
  author={Yu, Yijun and Ma, Liguo and Cai, Peng and Zhong, Ruidan and Ye, Cun and Shen, Jian and Gu, Genda D and Chen, Xian Hui and Zhang, Yuanbo},
  journal={Nature},
  volume={575},
  number={7781},
  pages={156--163},
  year={2019},
  publisher={Nature Publishing Group}
}

@article{deng2018gate,
  title={Gate-tunable room-temperature ferromagnetism in two-dimensional {Fe$_3$GeTe$_2$}},
  author={Deng, Yujun and Yu, Yijun and Song, Yichen and Zhang, Jingzhao and Wang, Nai Zhou and Sun, Zeyuan and Yi, Yangfan and Wu, Yi Zheng and Wu, Shiwei and Zhu, Junyi and others},
  journal={Nature},
  volume={563},
  number={7729},
  pages={94--99},
  year={2018},
  publisher={Nature Publishing Group},
}

@article{radisavljevic2011single,
  title={Single-layer {MoS$_2$} transistors},
  author={Radisavljevic, Branimir and Radenovic, Aleksandra and Brivio, Jacopo and Giacometti, Valentina and Kis, Andras},
  journal={Nat. Nanotechnol.},
  volume={6},
  number={3},
  pages={147--150},
  year={2011},
  publisher={Nature Publishing Group}
}

@article{xiao2012coupled,
  title={Coupled spin and valley physics in monolayers of {MoS$_2$} and other group-{VI} dichalcogenides},
  author={Xiao, Di and Liu, Gui-Bin and Feng, Wanxiang and Xu, Xiaodong and Yao, Wang},
  journal={Phys. Rev. Lett.},
  volume={108},
  number={19},
  pages={196802},
  year={2012},
  publisher={APS}
}

@article{buscema2015photocurrent,
  title={Photocurrent generation with two-dimensional van der {Waals} semiconductors},
  author={Buscema, Michele and Island, Joshua O. and Groenendijk, Dirk J. and Blanter, Sofya I. and Steele, Gary A. and van der Zant, Herre S. J. and Castellanos-Gomez, Andres},
  journal={Chem. Soc. Rev.},
  volume={44},
  number={11},
  pages={3691--3718},
  year={2015},
  publisher={Royal Society of Chemistry}
}

@article{bernardi2013extraordinary,
  title={Extraordinary sunlight absorption and one nanometer thick photovoltaics using two-dimensional monolayer materials},
  author={Bernardi, Marco and Palummo, Maurizia and Grossman, Jeffrey C.},
  journal={Nano Lett.},
  volume={13},
  number={8},
  pages={3664--3670},
  year={2013},
  publisher={ACS Publications}
}

@article{wang2015highly,
  title={Highly anisotropic and robust excitons in monolayer black phosphorus},
  author={Wang, Xiaomu and Jones, Aaron M and Seyler, Kyle L and Tran, Vy and Jia, Yichen and Zhao, Huan and Wang, Han and Yang, Li and Xu, Xiaodong and Xia, Fengnian},
  journal={Nat. Nanotechnol.},
  volume={10},
  number={6},
  pages={517--521},
  year={2015},
  publisher={Nature Publishing Group}
}

@article{li2017direct,
  title={Direct observation of the layer-dependent electronic structure in phosphorene},
  author={Li, Likai and Kim, Jonghwan and Jin, Chenhao and Ye, Guo Jun and Qiu, Diana Y and da Jornada, Felipe H. and Shi, Zhiwen and Chen, Long and Zhang, Zuocheng and Yang, Fangyuan and others},
  journal={Nat. Nanotechnol.},
  volume={12},
  number={1},
  pages={21},
  year={2017},
  publisher={Nature Publishing Group}
}

@article{castellanos2014isolation,
  title={Isolation and characterization of few-layer black phosphorus},
  author={Castellanos-Gomez, Andres and Vicarelli, Leonardo and Prada, Elsa and Island, Joshua O. and Narasimha-Acharya, K. L. and Blanter, Sofya I. and Groenendijk, Dirk J. and Buscema, Michele and Steele, Gary A. and Alvarez, J. V. and others},
  journal={2D Mater.},
  volume={1},
  number={2},
  pages={025001},
  year={2014},
  publisher={IOP Publishing}
}

@article{bringuier1994optical,
  title={Optical second-harmonic generation in lossy media: Application to {GaSe} and {InSe}},
  author={Bringuier, E. and Bourdon, A. and Piccioli, N. and Chevy, A.},
  journal={Phys. Rev. B},
  volume={49},
  number={24},
  pages={16971},
  year={1994},
  publisher={APS}
}

@article{mudd2013tuning,
  title={Tuning the bandgap of exfoliated {InSe} nanosheets by quantum confinement},
  author={Mudd, Garry W. and Svatek, Simon A. and Ren, Tianhang and Patan{\`e}, Amalia and Makarovsky, Oleg and Eaves, Laurence and Beton, Peter H and Kovalyuk, Zakhar D. and Lashkarev, George V. and Kudrynskyi, Zakhar R. and others},
  journal={Adv. Mater.},
  volume={25},
  number={40},
  pages={5714--5718},
  year={2013},
  publisher={Wiley Online Library}
}

@article{tamalampudi2014high,
  title={High performance and bendable few-layered {InSe} photodetectors with broad spectral response},
  author={Tamalampudi, Srinivasa Reddy and Lu, Yi-Ying and Kumar U., Rajesh and Sankar, Raman and Liao, Chun-Da and Cheng, Che-Hsuan and Chou, Fang Cheng and Chen, Yit-Tsong},
  journal={Nano Lett.},
  volume={14},
  number={5},
  pages={2800--2806},
  year={2014},
  publisher={ACS Publications}
}

@article{lei2014evolution,
  title={Evolution of the electronic band structure and efficient photo-detection in atomic layers of {InSe}},
  author={Lei, Sidong and Ge, Liehui and Najmaei, Sina and George, Antony and Kappera, Rajesh and Lou, Jun and Chhowalla, Manish and Yamaguchi, Hisato and Gupta, Gautam and Vajtai, Robert and others},
  journal={ACS Nano},
  volume={8},
  number={2},
  pages={1263--1272},
  year={2014},
  publisher={ACS Publications}
}

@article{akinwande2014two,
  title={Two-dimensional flexible nanoelectronics},
  author={Akinwande, Deji and Petrone, Nicholas and Hone, James},
  journal={Nat. Commun.},
  volume={5},
  number={1},
  pages={1--12},
  year={2014},
  publisher={Nature Publishing Group}
}

@article{lee2008measurement,
  title={Measurement of the elastic properties and intrinsic strength of monolayer graphene},
  author={Lee, Changgu and Wei, Xiaoding and Kysar, Jeffrey W. and Hone, James},
  journal={Science},
  volume={321},
  number={5887},
  pages={385--388},
  year={2008},
  publisher={American Association for the Advancement of Science}
}

@article{mohiuddin2009uniaxial,
  title={Uniaxial strain in graphene by {Raman} spectroscopy: {G} peak splitting, {Gr{\"u}neisen} parameters, and sample orientation},
  author={Mohiuddin, T. M. G. and Lombardo, Antonio and Nair, R. R. and Bonetti, A. and Savini, G. and Jalil, R. and Bonini, Nicola and Basko, D. M. and Galiotis, C. and Marzari, Nicola and others},
  journal={Phys. Rev. B},
  volume={79},
  number={20},
  pages={205433},
  year={2009},
  publisher={APS}
}

@article{conley2013bandgap,
  title={Bandgap engineering of strained monolayer and bilayer {MoS$_2$}},
  author={Conley, Hiram J. and Wang, Bin and Ziegler, Jed I. and Haglund Jr., Richard F. and Pantelides, Sokrates T. and Bolotin, Kirill I.},
  journal={Nano Lett.},
  volume={13},
  number={8},
  pages={3626--3630},
  year={2013},
  publisher={ACS Publications}
}

@article{he2013experimental,
  title={Experimental demonstration of continuous electronic structure tuning via strain in atomically thin {MoS$_2$}},
  author={He, Keliang and Poole, Charles and Mak, Kin Fai and Shan, Jie},
  journal={Nano Lett.},
  volume={13},
  number={6},
  pages={2931--2936},
  year={2013},
  publisher={ACS Publications}
}

@article{desai2014strain,
  title={Strain-induced indirect to direct bandgap transition in multilayer {WSe$_2$}},
  author={Desai, Sujay B. and Seol, Gyungseon and Kang, Jeong Seuk and Fang, Hui and Battaglia, Corsin and Kapadia, Rehan and Ager, Joel W. and Guo, Jing and Javey, Ali},
  journal={Nano Lett.},
  volume={14},
  number={8},
  pages={4592--4597},
  year={2014},
  publisher={ACS Publications}
}

@article{yagmurcukardes2016mechanical,
  title={Mechanical properties of monolayer {GaS} and {GaSe} crystals},
  author={Yagmurcukardes, M and Senger, R. T. and Peeters, F. M. and Sahin, H.},
  journal={Phys. Rev. B},
  volume={94},
  number={24},
  pages={245407},
  year={2016},
  publisher={APS}
}

@article{castellanos2013local,
  title={Local strain engineering in atomically thin {MoS$_2$}},
  author={Castellanos-Gomez, Andres and Rold{\'a}n, Rafael and Cappelluti, Emmanuele and Buscema, Michele and Guinea, Francisco and van der Zant, Herre S. J. and Steele, Gary A},
  journal={Nano Lett.},
  volume={13},
  number={11},
  pages={5361--5366},
  year={2013},
  publisher={ACS Publications}
}

@article{rice2013raman,
  title={Raman-scattering measurements and first-principles calculations of strain-induced phonon shifts in monolayer {MoS$_2$}},
  author={Rice, Caitlin and Young, R. J. and Zan, R and Bangert, U. and Wolverson, Daniel and Georgiou, T. and Jalil, R. and Novoselov, K. S.},
  journal={Phys. Rev. B},
  volume={87},
  number={8},
  pages={081307},
  year={2013},
  publisher={APS}
}

@article{horzum2013phonon,
  title={Phonon softening and direct to indirect band gap crossover in strained single-layer {MoSe$_2$}},
  author={Horzum, S. and Sahin, H. and Cahangirov, Seymur and Cudazzo, Pierluigi and Rubio, Angel and Serin, T. and Peeters, F. M.},
  journal={Phys. Rev. B},
  volume={87},
  number={12},
  pages={125415},
  year={2013},
  publisher={APS}
}

@article{sanchez2014electronic,
  title={Electronic structure, optical properties, and lattice dynamics in atomically thin indium selenide flakes},
  author={S{\'a}nchez-Royo, Juan F and Mu{\~n}oz-Matutano, Guillermo and Brotons-Gisbert, Mauro and Mart{\'\i}nez-Pastor, Juan P and Segura, Alfredo and Cantarero, Andr{\'e}s and Mata, Rafael and Canet-Ferrer, Josep and Tobias, Gerard and Canadell, Enric and others},
  journal={Nano Res.},
  volume={7},
  number={10},
  pages={1556--1568},
  year={2014},
  publisher={Springer}
}

@article{abdullaev2001gruneisen,
  title={Gr{\"u}neisen parameters for layered crystals},
  author={Abdullaev, N. A.},
  journal={Phys. Solid State},
  volume={43},
  number={4},
  pages={727--731},
  year={2001},
  publisher={Springer}
}

@article{li2015piezoelectricity,
  title={Piezoelectricity in two-dimensional group-{III} monochalcogenides},
  author={Li, Wenbin and Li, Ju},
  journal={Nano Res.},
  volume={8},
  number={12},
  pages={3796--3802},
  year={2015},
  publisher={Springer}
}

@article{riede1982polarization,
  title={Polarization-and temperature-dependent two-phonon absorption spectra in {InSe}},
  author={Riede, V. and Neumann, H. and Sobotta, H. and Levy, F.},
  journal={Phys. Status Solidi. B Basic Res.},
  volume={109},
  number={1},
  pages={275--281},
  year={1982}
}

@article{island2016precise,
  title={Precise and reversible band gap tuning in single-layer {MoSe$_2$} by uniaxial strain},
  author={Island, Joshua O. and Kuc, Agnieszka and Diependaal, Erik H. and Bratschitsch, Rudolf and van der Zant, Herre S. J. and Heine, Thomas and Castellanos-Gomez, Andres},
  journal={Nanoscale},
  volume={8},
  number={5},
  pages={2589--2593},
  year={2016},
  publisher={Royal Society of Chemistry}
}

@article{wang2015strain,
  title={Strain-induced direct-indirect bandgap transition and phonon modulation in monolayer {WS$_2$}},
  author={Wang, Yanlong and Cong, Chunxiao and Yang, Weihuang and Shang, Jingzhi and Peimyoo, Namphung and Chen, Yu and Kang, Junyong and Wang, Jianpu and Huang, Wei and Yu, Ting},
  journal={Nano Res.},
  volume={8},
  number={8},
  pages={2562--2572},
  year={2015},
  publisher={Springer}
}

@article{quereda2016strong,
  title={Strong modulation of optical properties in black phosphorus through strain-engineered rippling},
  author={Quereda, Jorge and San-Jose, Pablo and Parente, Vincenzo and Vaquero-Garzon, Luis and Molina-Mendoza, Aday J and Agra{\"\i}t, Nicol{\'a}s and Rubio-Bollinger, Gabino and Guinea, Francisco and Rold{\'a}n, Rafael and Castellanos-Gomez, Andres},
  journal={Nano Lett.},
  volume={16},
  number={5},
  pages={2931--2937},
  year={2016},
  publisher={ACS Publications}
}

@article{zhang2017infrared,
  title={Infrared fingerprints of few-layer black phosphorus},
  author={Zhang, Guowei and Huang, Shenyang and Chaves, Andrey and Song, Chaoyu and {\"O}z{\c{c}}elik, V Ongun and Low, Tony and Yan, Hugen},
  journal={Nat. Commun.},
  volume={8},
  number={1},
  pages={1--9},
  year={2017},
  publisher={Nature Publishing Group}
}

@article{yang2015tuning,
  title={Tuning the optical, magnetic, and electrical properties of {ReSe$_2$} by nanoscale strain engineering},
  author={Yang, Shengxue and Wang, Cong and Sahin, Hasan and Chen, Hui and Li, Yan and Li, Shu-Shen and Suslu, Aslihan and Peeters, Francois M and Liu, Qian and Li, Jingbo and others},
  journal={Nano Lett.},
  volume={15},
  number={3},
  pages={1660--1666},
  year={2015},
  publisher={ACS Publications}
}

@article{lloyd2016band,
  title={Band gap engineering with ultralarge biaxial strains in suspended monolayer {MoS$_2$}},
  author={Lloyd, David and Liu, Xinghui and Christopher, Jason W. and Cantley, Lauren and Wadehra, Anubhav and Kim, Brian L. and Goldberg, Bennett B. and Swan, Anna K. and Bunch, J. Scott},
  journal={Nano Lett.},
  volume={16},
  number={9},
  pages={5836--5841},
  year={2016},
  publisher={ACS Publications}
}

@article{signorello2013tuning,
  title={Tuning the light emission from {GaAs} nanowires over 290 {meV} with uniaxial strain},
  author={Signorello, Giorgio and Karg, Siegfried and Bj\"{o}rk, Mikael T. and Gotsmann, Bernd and Riel, Heike},
  journal={Nano Lett.},
  volume={13},
  number={3},
  pages={917--924},
  year={2013},
  publisher={ACS Publications}
}

@article{schmidt2016reversible,
  title={Reversible uniaxial strain tuning in atomically thin {WSe$_2$}},
  author={Schmidt, Robert and Niehues, Iris and Schneider, Robert and Drueppel, Matthias and Deilmann, Thorsten and Rohlfing, Michael and De Vasconcellos, Steffen Michaelis and Castellanos-Gomez, Andres and Bratschitsch, Rudolf},
  journal={2D Mater.},
  volume={3},
  number={2},
  pages={021011},
  year={2016},
  publisher={IOP Publishing}
}

@article{wu2014piezoelectricity,
  title={Piezoelectricity of single-atomic-layer {MoS$_2$} for energy conversion and piezotronics},
  author={Wu, Wenzhuo and Wang, Lei and Li, Yilei and Zhang, Fan and Lin, Long and Niu, Simiao and Chenet, Daniel and Zhang, Xian and Hao, Yufeng and Heinz, Tony F. and others},
  journal={Nature},
  volume={514},
  number={7523},
  pages={470--474},
  year={2014},
  publisher={Nature Publishing Group}
}

@book{springerhandbook,
  title={Handbook Of Modern Sensors Springer},
  author={Springer, Handbook Of Modern Sensors},
  year={2010},
  publisher={Springer}
}

@article{brebner1964optical,
  title={The optical absorption edge in layer structures},
  author={Brebner, J. L.},
  journal={J. Phys. Chem. Solids},
  volume={25},
  number={12},
  pages={1427--1433},
  year={1964},
  publisher={Elsevier}
}

@article{klots2014probing,
  title={Probing excitonic states in suspended two-dimensional semiconductors by photocurrent spectroscopy},
  author={Klots, A. R. and Newaz, A. K. M. and Wang, Bin and Prasai, D. and Krzyzanowska, H. and Lin, Junhao and Caudel, D. and Ghimire, N. J. and Yan, J. and Ivanov, B. L. and others},
  journal={Sci. Rep.},
  volume={4},
  pages={6608},
  year={2014},
  publisher={Nature Publishing Group}
}

@article{louie2006predicting,
  title={Predicting materials and properties: Theory of the ground and excited state},
  author={Louie, Steven G.},
  journal={Contemp. Concepts Condens. Matter Sci.},
  volume={2},
  pages={9--53},
  year={2006},
  publisher={Elsevier}
}

@article{ehrenreich1959selfconsistent,
  title = {Self-Consistent Field Approach to the Many-Electron Problem},
  author = {Ehrenreich, H. and Cohen, M. H.},
  journal = {Phys. Rev.},
  volume = {115},
  issue = {4},
  pages = {786--790},
  numpages = {0},
  year = {1959},
  month = {Aug},
  publisher = {American Physical Society},
}

@article{walter1970wavevectordependent,
  title = {Wave-Vector-Dependent Dielectric Function for {Si}, {Ge}, {GaAs}, and {ZnSe}},
  author = {Walter, John P. and Cohen, Marvin L.},
  journal = {Phys. Rev. B},
  volume = {2},
  issue = {6},
  pages = {1821--1826},
  numpages = {0},
  year = {1970},
  month = {Sep},
  publisher = {American Physical Society},
}

@article{louie1975localfield,
  title = {Local-Field Effects in the Optical Spectrum of Silicon},
  author = {Louie, Steven G. and Chelikowsky, James R. and Cohen, Marvin L.},
  journal = {Phys. Rev. Lett.},
  volume = {34},
  issue = {3},
  pages = {155--158},
  numpages = {0},
  year = {1975},
  month = {Jan},
  publisher = {American Physical Society},
}

@article{levine1982new,
  title = {New model dielectric function and exchange-correlation potential for semiconductors and insulators},
  author = {Levine, Zachary H. and Louie, Steven G.},
  journal = {Phys. Rev. B},
  volume = {25},
  issue = {10},
  pages = {6310--6316},
  numpages = {0},
  year = {1982},
  month = {May},
  publisher = {American Physical Society},
}

@article{cappellini1993model,
  title = {Model dielectric function for semiconductors},
  author = {Cappellini, G. and Del Sole, R. and Reining, Lucia and Bechstedt, F.},
  journal = {Phys. Rev. B},
  volume = {47},
  issue = {15},
  pages = {9892--9895},
  numpages = {0},
  year = {1993},
  month = {Apr},
  publisher = {American Physical Society},
}

@article{kubo1966fluctuation,
  title={The fluctuation-dissipation theorem},
  author={Kubo, Rep},
  journal={Rep. Prog. Phys.},
  volume={29},
  number={1},
  pages={255},
  year={1966},
  publisher={IOP Publishing}
}

@article{salpeter1951relativistic,
  title = {A Relativistic Equation for Bound-State Problems},
  author = {Salpeter, E. E. and Bethe, H. A.},
  journal = {Phys. Rev.},
  volume = {84},
  issue = {6},
  pages = {1232--1242},
  numpages = {0},
  year = {1951},
  month = {Dec},
  publisher = {American Physical Society},
}

@article{Sio2019abinitio,
  title = {\emph{Ab initio} theory of polarons: Formalism and applications},
  author = {Sio, Weng Hong and Verdi, Carla and Ponc\'e, Samuel and Giustino, Feliciano},
  journal = {Phys. Rev. B},
  volume = {99},
  issue = {23},
  pages = {235139},
  numpages = {21},
  year = {2019},
  month = {Jun},
  publisher = {American Physical Society},
}

@article{adler1962quantum,
  title = {Quantum Theory of the Dielectric Constant in Real Solids},
  author = {Adler, Stephen L.},
  journal = {Phys. Rev.},
  volume = {126},
  issue = {2},
  pages = {413--420},
  numpages = {0},
  year = {1962},
  month = {Apr},
  publisher = {American Physical Society},
}

@article{wiser1963dielectric,
  title = {Dielectric Constant with Local Field Effects Included},
  author = {Wiser, Nathan},
  journal = {Phys. Rev.},
  volume = {129},
  issue = {1},
  pages = {62--69},
  numpages = {0},
  year = {1963},
  month = {Jan},
  publisher = {American Physical Society},
}

@article{green1952markoff,
  title={Markoff random processes and the statistical mechanics of time-dependent phenomena},
  author={Green, Melville S.},
  journal={J. Chem. Phys.},
  volume={20},
  number={8},
  pages={1281--1295},
  year={1952},
  publisher={American Institute of Physics}
}

@article{green1954markoff,
  title={Markoff random processes and the statistical mechanics of time-dependent phenomena. {II.} {Irreversible} processes in fluids},
  author={Green, Melville S.},
  journal={J. Chem. Phys.},
  volume={22},
  number={3},
  pages={398--413},
  year={1954},
  publisher={American Institute of Physics}
}

@article{kubo1957statistical,
  title={Statistical-mechanical theory of irreversible processes. {I.} {General} theory and simple applications to magnetic and conduction problems},
  author={Kubo, Ryogo},
  journal={J. Phys. Soc. Japan},
  volume={12},
  number={6},
  pages={570--586},
  year={1957},
  publisher={The Physical Society of Japan}
}

@article{holm1998fully,
  title = {Fully self-consistent {$GW$} self-energy of the electron gas},
  author = {Holm, B. and von Barth, U.},
  journal = {Phys. Rev. B},
  volume = {57},
  issue = {4},
  pages = {2108--2117},
  numpages = {0},
  year = {1998},
  month = {Jan},
  publisher = {American Physical Society},
}

@article{bruneval2006effect,
  title = {Effect of self-consistency on quasiparticles in solids},
  author = {Bruneval, Fabien and Vast, Nathalie and Reining, Lucia},
  journal = {Phys. Rev. B},
  volume = {74},
  issue = {4},
  pages = {045102},
  numpages = {15},
  year = {2006},
  month = {Jul},
  publisher = {American Physical Society},
}

@book{nozieres1997theory,
  title={Theory of Interacting {Fermi} Systems},
  author={Nozi\`{e}res, Philippe},
  year={1997},
  publisher={Westview Press}
}

@article{schwinger1951green,
  title={On the {Green's} functions of quantized fields. {I}},
  author={Schwinger, Julian},
  journal={Proc. Natl. Acad. Sci. U.S.A},
  volume={37},
  number={7},
  pages={452--455},
  year={1951},
  publisher={National Acad Sciences}
}

@article{baym1961field,
  title={Field-theoretic approach to the properties of the solid state},
  author={Baym, Gordon},
  journal={Ann. Phys.},
  volume={14},
  pages={1--42},
  year={1961},
  publisher={Elsevier}
}

@article{baym1961conservation,
  title = {Conservation Laws and Correlation Functions},
  author = {Baym, Gordon and Kadanoff, Leo P.},
  journal = {Phys. Rev.},
  volume = {124},
  issue = {2},
  pages = {287--299},
  numpages = {0},
  year = {1961},
  month = {Oct},
  publisher = {American Physical Society},
}

@article{baym1962selfconsistent,
  title = {Self-Consistent Approximations in Many-Body Systems},
  author = {Baym, Gordon},
  journal = {Phys. Rev.},
  volume = {127},
  issue = {4},
  pages = {1391--1401},
  numpages = {0},
  year = {1962},
  month = {Aug},
  publisher = {American Physical Society},
}

@book{fetter2012quantum,
  title={Quantum Theory of Many-Particle Systems},
  author={Fetter, Alexander L. and Walecka, John Dirk},
  year={2012},
  publisher={Courier Corporation}
}

@book{mahan2013many,
  title={Many-Particle Physics},
  author={Mahan, Gerald D.},
  year={2013},
  publisher={Springer Science \& Business Media}
}

@book{stefanucci2013nonequilibrium,
  title={Nonequilibrium Many-Body Theory of Quantum Systems: A Modern Introduction},
  author={Stefanucci, Gianluca and van Leeuwen, Robert},
  year={2013},
  publisher={Cambridge University Press}
}

@article{slater1951simplification,
  title = {A Simplification of the {Hartree-Fock} Method},
  author = {Slater, J. C.},
  journal = {Phys. Rev.},
  volume = {81},
  issue = {3},
  pages = {385--390},
  numpages = {0},
  year = {1951},
  month = {Feb},
  publisher = {American Physical Society},
}

@article{byrnes2016multilayer,
  title={Multilayer optical calculations},
  author={Byrnes, Steven J.},
  journal={arXiv:1603.02720},
  year={2016}
}

@article{janak1978proof,
  title={Proof that {$\frac{\partial E}{\partial n_i} = \varepsilon$} in density-functional theory},
  author={Janak, J. F.},
  journal={Phys. Rev. B},
  volume={18},
  number={12},
  pages={7165},
  year={1978},
  publisher={APS}
}

@article{sabatini2013nonlocal,
  title={Nonlocal van der {Waals} density functional made simple and efficient},
  author={Sabatini, Riccardo and Gorni, Tommaso and de Gironcoli, Stefano},
  journal={Phys. Rev. B},
  volume={87},
  number={4},
  pages={041108},
  year={2013},
  publisher={APS}
}

@article{grimme2010consistent,
  title={A consistent and accurate \emph{ab initio} parametrization of density functional dispersion correction ({DFT-D}) for the 94 elements {H-Pu}},
  author={Grimme, Stefan and Antony, Jens and Ehrlich, Stephan and Krieg, Helge},
  journal={J. Chem. Phys.},
  volume={132},
  number={15},
  pages={154104},
  year={2010},
  publisher={American Institute of Physics}
}

@article{raja2017coulomb,
  title={Coulomb engineering of the bandgap and excitons in two-dimensional materials},
  author={Raja, Archana and Chaves, Andrey and Yu, Jaeeun and Arefe, Ghidewon and Hill, Heather M. and Rigosi, Albert F. and Berkelbach, Timothy C. and Nagler, Philipp and Sch{\"u}ller, Christian and Korn, Tobias and others},
  journal={Nat. Commun.},
  volume={8},
  number={1},
  pages={1--7},
  year={2017},
  publisher={Nature Publishing Group}
}

@article{qiu2017environmental,
  title={Environmental screening effects in {2D} materials: Renormalization of the bandgap, electronic structure, and optical spectra of few-layer black phosphorus},
  author={Qiu, Diana Y. and da Jornada, Felipe H. and Louie, Steven G.},
  journal={Nano Lett.},
  volume={17},
  number={8},
  pages={4706--4712},
  year={2017},
  publisher={ACS Publications}
}

@article{miyake2006quasiparticle,
  title={Quasiparticle energy of semicore $d$ electrons in {ZnS}: Combined {LDA+$U$} and {$GW$} approach},
  author={Miyake, Takashi and Zhang, Peihong and Cohen, Marvin L. and Louie, Steven G.},
  journal={Phys. Rev. B},
  volume={74},
  number={24},
  pages={245213},
  year={2006},
  publisher={APS}
}

@article{kioupakis2008g,
  title={{$GW$} quasiparticle corrections to the {LDA+$U$}/{GGA+$U$} electronic structure of bcc hydrogen},
  author={Kioupakis, Emmanouil and Zhang, Peihong and Cohen, Marvin L. and Louie, Steven G.},
  journal={Phys. Rev. B},
  volume={77},
  number={15},
  pages={155114},
  year={2008},
  publisher={APS}
}

@article{jiang2010first,
  title={First-principles modeling of localized $d$ states with the {$GW$@LDA+$U$} approach},
  author={Jiang, Hong and Gomez-Abal, Ricardo I. and Rinke, Patrick and Scheffler, Matthias},
  journal={Phys. Rev. B},
  volume={82},
  number={4},
  pages={045108},
  year={2010},
  publisher={APS}
}

@article{dunlap1953direct,
  title={Direct measurement of the dielectric constants of silicon and germanium},
  author={Dunlap Jr., W. C. and Watters, R. L.},
  journal={Phys. Rev.},
  volume={92},
  number={6},
  pages={1396},
  year={1953},
  publisher={APS}
}

@article{li1980refractive,
  title={Refractive index of silicon and germanium and its wavelength and temperature derivatives},
  author={Li, H. H.},
  journal={J. Phys. Chem. Ref. Data},
  volume={9},
  number={3},
  pages={561--658},
  year={1980},
  publisher={American Institute of Physics for the National Institute of Standards}
}

@article{onsager1931reciprocal,
  title={Reciprocal relations in irreversible processes. {I}.},
  author={Onsager, Lars},
  journal={Phys. Rev.},
  volume={37},
  number={4},
  pages={405},
  year={1931},
  publisher={APS}
}

@article{mulliken1933electronic,
  title={Electronic structures of polyatomic molecules and valence. {IV.} {Electronic} states, quantum theory of the double bond},
  author={Mulliken, Robert S.},
  journal={Phys. Rev.},
  volume={43},
  number={4},
  pages={279},
  year={1933},
  publisher={APS}
}

@article{hamann2013optimized,
  title={Optimized norm-conserving {Vanderbilt} pseudopotentials},
  author={Hamann, D. R.},
  journal={Phys. Rev. B},
  volume={88},
  number={8},
  pages={085117},
  year={2013},
  publisher={APS}
}

@article{scherpelz2016implementation,
  title={Implementation and validation of fully relativistic {$GW$} calculations: Spin-orbit coupling in molecules, nanocrystals, and solids},
  author={Scherpelz, Peter and Govoni, Marco and Hamada, Ikutaro and Galli, Giulia},
  journal={J. Chem. Theory and Comput.},
  volume={12},
  number={8},
  pages={3523--3544},
  year={2016},
  publisher={ACS Publications}
}

@article{mcguire2015coupling,
  title={Coupling of crystal structure and magnetism in the layered, ferromagnetic insulator {CrI$_3$}},
  author={McGuire, Michael A. and Dixit, Hemant and Cooper, Valentino R. and Sales, Brian C.},
  journal={Chem. Mater.},
  volume={27},
  number={2},
  pages={612--620},
  year={2015},
  publisher={ACS Publications}
}

@article{bordacs2010experimental,
  title={Experimental band structure of the nearly half-metallic {CuCr$_2$Se$_4$}: An optical and magneto-optical study},
  author={Bord{\'a}cs, S{\'a}ndor and K{\'e}zsm{\'a}rki, Istv{\'a}n and Ohgushi, K. and Tokura, Y.},
  journal={New J. Phys.},
  volume={12},
  number={5},
  pages={053039},
  year={2010},
  publisher={IOP Publishing}
}

@article{schlipf2015optimization,
  title={Optimization algorithm for the generation of {ONCV} pseudopotentials},
  author={Schlipf, Martin and Gygi, Fran{\c{c}}ois},
  journal={Comput. Phys. Commun.},
  volume={196},
  pages={36--44},
  year={2015},
  publisher={Elsevier}
}

@article{feil1987magneto,
  title={Magneto-optical {Kerr} effect, enhanced by the plasma resonance of charge carriers},
  author={Feil, H. and Haas, C.},
  journal={Phys. Rev. Lett.},
  volume={58},
  number={1},
  pages={65},
  year={1987},
  publisher={APS}
}

@article{zhong2017van,
  title={Van der {Waals} engineering of ferromagnetic semiconductor heterostructures for spin and valleytronics},
  author={Zhong, Ding and Seyler, Kyle L and Linpeng, Xiayu and Cheng, Ran and Sivadas, Nikhil and Huang, Bevin and Schmidgall, Emma and Taniguchi, Takashi and Watanabe, Kenji and McGuire, Michael A. and others},
  journal={Sci. Adv.},
  volume={3},
  number={5},
  pages={e1603113},
  year={2017},
  publisher={American Association for the Advancement of Science}
}

@article{jiang2018spin,
  title={Spin direction-controlled electronic band structure in two-dimensional ferromagnetic {CrI$_3$}},
  author={Jiang, Peiheng and Li, Lei and Liao, Zhaoliang and Zhao, YX and Zhong, Zhicheng},
  journal={Nano Lett.},
  volume={18},
  number={6},
  pages={3844--3849},
  year={2018},
  publisher={ACS Publications}
}

@article{argyres1955theory,
  title={Theory of the {Faraday} and {Kerr} effects in ferromagnetics},
  author={Argyres, Petros N.},
  journal={Phys. Rev.},
  volume={97},
  number={2},
  pages={334},
  year={1955},
  publisher={APS}
}

@article{erskine1973magneto,
  title={Magneto-optic {Kerr} effect in {Ni}, {Co}, and {Fe}},
  author={Erskine, J. L. and Stern, E. A.},
  journal={Phys. Rev. Lett.},
  volume={30},
  number={26},
  pages={1329},
  year={1973},
  publisher={APS}
}

@article{misemer1988effect,
  title={The effect of spin-orbit interaction and exchange splitting on magneto-optic coefficients},
  author={Misemer, D. K.},
  journal={J. Magn. Magn. Mater.},
  volume={72},
  number={3},
  pages={267--274},
  year={1988},
  publisher={Elsevier}
}

@article{oppeneer1992ab,
  title={\emph{Ab initio} calculated magneto-optical {Kerr} effect of ferromagnetic metals: {Fe} and {Ni}},
  author={Oppeneer, P. M. and Maurer, T. and Sticht, J. and K{\"u}bler, J.},
  journal={Phys. Rev. B},
  volume={45},
  number={19},
  pages={10924},
  year={1992},
  publisher={APS}
}

@article{oppeneer2001magneto,
  title={Magneto-optical {Kerr} spectra},
  author={Oppeneer, P. M.},
  journal={Handb. Magn. Mater.},
  volume={13},
  pages={229--422},
  year={2001},
  publisher={Elsevier}
}

@article{gudelli2019magnetism,
  title={Magnetism and magneto-optical effects in bulk and few-layer {CrI$_3$}: A theoretical {GGA+$U$} study},
  author={Gudelli, Vijay Kumar and Guo, Guang-Yu},
  journal={New J. Phys.},
  volume={21},
  number={5},
  pages={053012},
  year={2019},
  publisher={IOP Publishing}
}

@article{grant1968optical,
  title={Optical properties of the chromium trihalides in the region 1-11 {eV}},
  author={Grant, P. M. and Street, G. B.},
  journal={Bull. Am. Phys. Soc.},
  volume={II},
  number={13},
  pages={415},
  year={1968},
  publisher={APS}
}

@article{lauret2005optical,
  title={Optical transitions in single-wall boron nitride nanotubes},
  author={Lauret, J. S. and Arenal, R. and Ducastelle, F. and Loiseau, A. and Cau, M. and Attal-Tretout, B. and Rosencher, E. and Goux-Capes, L.},
  journal={Phys. Rev. Lett.},
  volume={94},
  number={3},
  pages={037405},
  year={2005},
  publisher={APS}
}

@article{wirtz2006excitons,
  title={Excitons in boron nitride nanotubes: Dimensionality effects},
  author={Wirtz, Ludger and Marini, Andrea and Rubio, Angel},
  journal={Phys. Rev. Lett.},
  volume={96},
  number={12},
  pages={126104},
  year={2006},
  publisher={APS}
}

@article{alvarado1998direct,
  title={Direct determination of the exciton binding energy of conjugated polymers using a scanning tunneling microscope},
  author={Alvarado, S. F. and Seidler, P. F. and Lidzey, D. G. and Bradley, D. D. C.},
  journal={Phys. Rev. Lett.},
  volume={81},
  number={5},
  pages={1082},
  year={1998},
  publisher={APS}
}

@article{scholes2011excitons,
  title={Excitons in nanoscale systems},
  author={Scholes, Gregory D. and Rumbles, Garry},
  pages={683--696},
  year={2006},
  journal={Nat. Mater.},
  volume={5},
  publisher={Springer}
}

@article{shih2010quasiparticle,
  title={Quasiparticle band gap of {ZnO}: High accuracy from the conventional {$G_0 W_0$} approach},
  author={Shih, Bi-Ching and Xue, Yu and Zhang, Peihong and Cohen, Marvin L. and Louie, Steven G.},
  journal={Phys. Rev. Lett.},
  volume={105},
  number={14},
  pages={146401},
  year={2010},
  publisher={APS}
}

@article{jiang2009localized,
  title={Localized and Itinerant States in Lanthanide Oxides United by {$GW$@LDA+$U$}},
  author={Jiang, Hong and Gomez-Abal, Ricardo I. and Rinke, Patrick and Scheffler, Matthias},
  journal={Phys. Rev. Lett.},
  volume={102},
  number={12},
  pages={126403},
  year={2009},
  publisher={APS}
}

@article{liechtenstein1995density,
  title={Density-functional theory and strong interactions: Orbital ordering in {Mott-Hubbard} insulators},
  author={Liechtenstein, A. I. and Anisimov, Vladimir I and Zaanen, Jan},
  journal={Phys. Rev. B},
  volume={52},
  number={8},
  pages={R5467},
  year={1995},
  publisher={APS}
}

@article{gong2017discovery,
author = {Gong, Cheng and Li, Lin and Li, Zhenglu and Ji, Huiwen and Stern, Alex and Xia, Yang and Cao, Ting and Bao, Wei and Wang, Chenzhe and Wang, Yuan and Qiu, Z. Q. and Cava, R. J. and Louie, Steven G. and Xia, Jing and Zhang, Xiang},
journal = {Nature},
number = {7657},
pages = {265--269},
pmid = {28445468},
publisher = {Nature Publishing Group},
title = {Discovery of intrinsic ferromagnetism in two-dimensional van der {Waals} crystals},
volume = {546},
year = {2017}
}

@article{huang2017layerdependent,
author = {Huang, Bevin and Clark, Genevieve and Navarro-Moratalla, Efr{\'{e}}n and Klein, Dahlia R. and Cheng, Ran and Seyler, Kyle L. and Zhong, DIng and Schmidgall, Emma and McGuire, Michael A. and Cobden, David H. and Yao, Wang and Xiao, Di and Jarillo-Herrero, Pablo and Xu, Xiaodong},
journal = {Nature},
number = {7657},
pages = {270--273},
publisher = {Nature Publishing Group},
title = {Layer-dependent ferromagnetism in a van der {Waals} crystal down to the monolayer limit},
volume = {546},
year = {2017}
}

@article{seyler2018ligandfield,
author = {Seyler, Kyle L. and Zhong, Ding and Klein, Dahlia R. and Gao, Shiyuan and Zhang, Xiaoou and Huang, Bevin and Navarro-Moratalla, Efr{\'{e}}n and Yang, Li and Cobden, David H. and McGuire, Michael A. and Yao, Wang and Xiao, Di and Jarillo-Herrero, Pablo and Xu, Xiaodong},
issn = {17452481},
journal = {Nat. Phys.},
number = {3},
pages = {277--281},
title = {Ligand-field helical luminescence in a {2D} ferromagnetic insulator},
volume = {14},
year = {2018}
}

@article{lado2017origin,
  title={On the origin of magnetic anisotropy in two dimensional {CrI$_3$}},
  author={Lado, Jose L. and Fern{\'a}ndez-Rossier, Joaqu{\'\i}n},
  journal={2D Mater.},
  volume={4},
  number={3},
  pages={035002},
  year={2017},
  publisher={IOP Publishing}
}

@article{giustino2017electronphonon,
  title = {Electron-phonon interactions from first principles},
  author = {Giustino, Feliciano},
  journal = {Rev. Mod. Phys.},
  volume = {89},
  issue = {1},
  pages = {015003},
  numpages = {63},
  year = {2017},
  month = {Feb},
  publisher = {American Physical Society},
}

@article{aryasetiawan1998gw,
  title={The {$GW$} method},
  author={Aryasetiawan, Ferdi and Gunnarsson, Olle},
  journal={Reports on Progress in Physics},
  volume={61},
  number={3},
  pages={237},
  year={1998},
  publisher={IOP Publishing}
}

@article{onida2002electronic,
  title = {Electronic excitations: Density-functional versus many-body {Green's}-function approaches},
  author = {Onida, Giovanni and Reining, Lucia and Rubio, Angel},
  journal = {Rev. Mod. Phys.},
  volume = {74},
  issue = {2},
  pages = {601--659},
  numpages = {0},
  year = {2002},
  month = {Jun},
  publisher = {American Physical Society},
}

@article{godby1986accurate,
  title = {Accurate Exchange-Correlation Potential for Silicon and Its Discontinuity on Addition of an Electron},
  author = {Godby, R. W. and Schl\"uter, M. and Sham, L. J.},
  journal = {Phys. Rev. Lett.},
  volume = {56},
  issue = {22},
  pages = {2415--2418},
  numpages = {0},
  year = {1986},
  month = {Jun},
  publisher = {American Physical Society},
}

@article{rohlfing1998electronhole,
  title = {Electron-Hole Excitations in Semiconductors and Insulators},
  author = {Rohlfing, Michael and Louie, Steven G.},
  journal = {Phys. Rev. Lett.},
  volume = {81},
  issue = {11},
  pages = {2312--2315},
  numpages = {0},
  year = {1998},
  month = {Sep},
  publisher = {American Physical Society},
}

@article{strinati1988application,
  title={Application of the {Green's} functions method to the study of the optical properties of semiconductors},
  author={Strinati, G.},
  journal={Riv. Nuovo Cimento},
  volume={11},
  number={12},
  pages={1--86},
  year={1988},
  publisher={Springer}
}

@incollection{hedin1970effects,
  title={Effects of electron-electron and electron-phonon interactions on the one-electron states of solids},
  author={Hedin, Lars and Lundqvist, Stig},
  booktitle={Solid State Physics},
  volume={23},
  pages={1--181},
  year={1970},
  publisher={Elsevier}
}

@article{hedin1965new,
  title = {New Method for Calculating the One-Particle {Green's} Function with Application to the Electron-Gas Problem},
  author = {Hedin, Lars},
  journal = {Phys. Rev.},
  volume = {139},
  issue = {3A},
  pages = {A796--A823},
  numpages = {0},
  year = {1965},
  month = {Aug},
  publisher = {American Physical Society}
}

@article{sham1983densityfunctional,
  title = {Density-Functional Theory of the Energy Gap},
  author = {Sham, L. J. and Schl\"uter, M.},
  journal = {Phys. Rev. Lett.},
  volume = {51},
  issue = {20},
  pages = {1888--1891},
  numpages = {0},
  year = {1983},
  month = {Nov},
  publisher = {American Physical Society},
}

@article{hybertsen1985firstprinciples,
  title = {First-Principles Theory of Quasiparticles: Calculation of Band Gaps in Semiconductors and Insulators},
  author = {Hybertsen, Mark S. and Louie, Steven G.},
  journal = {Phys. Rev. Lett.},
  volume = {55},
  issue = {13},
  pages = {1418--1421},
  numpages = {0},
  year = {1985},
  month = {Sep},
  publisher = {American Physical Society},
}

@article{louie1987theory,
  title={Theory of quasiparticle energies: Band gaps and excitation spectra in solids},
  author={Louie, Steven G. and Hybertsen, Mark S.},
  journal={Int. J. Quantum Chem.},
  volume={32},
  number={S21},
  pages={31--44},
  year={1987},
  publisher={Wiley Online Library}
}

@article{ceperley1980ground,
  title = {Ground State of the Electron Gas by a Stochastic Method},
  author = {Ceperley, D. M. and Alder, B. J.},
  journal = {Phys. Rev. Lett.},
  volume = {45},
  issue = {7},
  pages = {566--569},
  numpages = {0},
  year = {1980},
  month = {Aug},
  publisher = {American Physical Society},
}

@article{rajagopal1973inhomogeneous,
  title = {Inhomogeneous Electron Gas},
  author = {Rajagopal, A. K. and Callaway, J.},
  journal = {Phys. Rev. B},
  volume = {7},
  issue = {5},
  pages = {1912--1919},
  numpages = {0},
  year = {1973},
  month = {Mar},
  publisher = {American Physical Society},
}

@incollection{louie1998first,
  title={First-principles theory of electron excitation energies in solids, surfaces, and defects},
  author={Louie, Steven G.},
  booktitle={Topics in Computational Materials Science},
  pages={96--142},
  year={1998},
  publisher={World Scientific},
}

@book{collett2005field,
  title={Field Guide to Polarization},
  author={Collett, E.},
  volume={15},
  year={2005},
  publisher={SPIE Press}
}

@book{hecht2001optics,
  title={Optics},
  author={Hecht, E.},
  chapter={9},
  year={2001},
  publisher={Addison-Wesley}
}

@book{giustino2014materials,
  title={Materials Modelling Using Density Functional Theory: Properties and Predictions},
  author={Giustino, Feliciano},
  year={2014},
  publisher={Oxford University Press}
}

@book{bradley2010the,
  title={The Mathematical Theory of Symmetry in Solids: Representation Theory for Point Groups and Space Groups},
  author={Bradley, C. J. and Cracknell, A. P.},
  year={2010},
  publisher={Oxford University Press}
}

@book{weber2002handbook,
  title={Handbook of Optical Materials},
  author={Weber, M. J.},
  year={2002},
  publisher={CRC Press}
}

@book{gray2001analysis,
  title={Analysis and Design of Analog Integrated Circuits},
  author={Gray, P. R. and Meyer, R. G.},
  year={2001},
  publisher={Wiley}
}

@book{martin2020electronic,
  title={Electronic Structure: Basic Theory and Practical Methods},
  author={Martin, Richard M.},
  year={2020},
  publisher={Cambridge University Press}
}

@article{jones2015density,
  title = {Density functional theory: Its origins, rise to prominence, and future},
  author = {Jones, R. O.},
  journal = {Rev. Mod. Phys.},
  volume = {87},
  issue = {3},
  pages = {897--923},
  numpages = {27},
  year = {2015},
  month = {Aug},
  publisher = {American Physical Society},
}

@article{vosko1980accurate,
  title={Accurate spin-dependent electron liquid correlation energies for local spin density calculations: A critical analysis},
  author={Vosko, Seymour H. and Wilk, Leslie and Nusair, Marwan},
  journal={Can. J. Phys.},
  volume={58},
  number={8},
  pages={1200--1211},
  year={1980},
  publisher={NRC Research Press}
}

@article{vonbarth1972local,
  title={A local exchange-correlation potential for the spin polarized case. {I}},
  author={von Barth, Ulf and Hedin, Lars},
  journal={J. Phys. C: Solid State Phys.},
  volume={5},
  number={13},
  pages={1629},
  year={1972},
  publisher={IOP Publishing}
}

@article{perdew1996generalized,
  title = {Generalized Gradient Approximation Made Simple},
  author = {Perdew, John P. and Burke, Kieron and Ernzerhof, Matthias},
  journal = {Phys. Rev. Lett.},
  volume = {77},
  issue = {18},
  pages = {3865--3868},
  numpages = {0},
  year = {1996},
  month = {Oct},
  publisher = {American Physical Society},
}

@article{csonka2009assessing,
  title = {Assessing the performance of recent density functionals for bulk solids},
  author = {Csonka, G\'abor I. and Perdew, John P. and Ruzsinszky, Adrienn and Philipsen, Pier H. T. and Leb\`egue, S\'ebastien and Paier, Joachim and Vydrov, Oleg A. and \'Angy\'an, J\'anos G.},
  journal = {Phys. Rev. B},
  volume = {79},
  issue = {15},
  pages = {155107},
  numpages = {14},
  year = {2009},
  month = {Apr},
  publisher = {American Physical Society},
}


@article{perdew1981selfinteraction,
  title = {Self-interaction correction to density-functional approximations for many-electron systems},
  author = {Perdew, J. P. and Zunger, Alex},
  journal = {Phys. Rev. B},
  volume = {23},
  issue = {10},
  pages = {5048--5079},
  numpages = {0},
  year = {1981},
  month = {May},
  publisher = {American Physical Society},
}


@article{perdew1992accurate,
  title = {Accurate and simple analytic representation of the electron-gas correlation energy},
  author = {Perdew, John P. and Wang, Yue},
  journal = {Phys. Rev. B},
  volume = {45},
  issue = {23},
  pages = {13244--13249},
  numpages = {0},
  year = {1992},
  month = {Jun},
  publisher = {American Physical Society},
}

@article{dajornada2017nonuniform,
  title = {Nonuniform sampling schemes of the {Brillouin} zone for many-electron perturbation-theory calculations in reduced dimensionality},
  author = {da Jornada, Felipe H. and Qiu, Diana Y. and Louie, Steven G.},
  journal = {Phys. Rev. B},
  volume = {95},
  issue = {3},
  pages = {035109},
  numpages = {12},
  year = {2017},
  month = {Jan},
  publisher = {American Physical Society},
}

@article{deslippe2013coulombhole,
  title = {Coulomb-hole summations and energies for {$GW$} calculations with limited number of empty orbitals: A modified static remainder approach},
  author = {Deslippe, Jack and Samsonidze, Georgy and Jain, Manish and Cohen, Marvin L. and Louie, Steven G.},
  journal = {Phys. Rev. B},
  volume = {87},
  issue = {16},
  pages = {165124},
  numpages = {6},
  year = {2013},
  month = {Apr},
  publisher = {American Physical Society},
}

@article{hybertsen1986electron,
  title = {Electron correlation in semiconductors and insulators: Band gaps and quasiparticle energies},
  author = {Hybertsen, Mark S. and Louie, Steven G.},
  journal = {Phys. Rev. B},
  volume = {34},
  issue = {8},
  pages = {5390--5413},
  numpages = {0},
  year = {1986},
  month = {Oct},
  publisher = {American Physical Society},
}

@article{rohlfing2000electronhole,
  title = {Electron-hole excitations and optical spectra from first principles},
  author = {Rohlfing, Michael and Louie, Steven G.},
  journal = {Phys. Rev. B},
  volume = {62},
  issue = {8},
  pages = {4927--4944},
  numpages = {0},
  year = {2000},
  month = {Aug},
  publisher = {American Physical Society},
}

@article{deslippe2012berkeleygw,
  title = {{BerkeleyGW}: A massively parallel computer package for the calculation of the quasiparticle and optical properties of materials and nanostructures},
  journal = {Comput. Phys. Commun.},
  volume = {183},
  number = {6},
  pages = {1269-1289},
  year = {2012},
  issn = {0010-4655},
  author = {Jack Deslippe and Georgy Samsonidze and David A. Strubbe and Manish Jain and Marvin L. Cohen and Steven G. Louie},
}

@article{pizzi2020wannier90,
    year = {2020},
    month = {jan},
    publisher = {{IOP} Publishing},
    volume = {32},
    number = {16},
    pages = {165902},
    author = {Giovanni Pizzi and Valerio Vitale and Ryotaro Arita and Stefan Bl\"{u}gel and Frank Freimuth and Guillaume G{\'{e}}ranton and Marco Gibertini and Dominik Gresch and Charles Johnson and Takashi Koretsune and Julen Iba{\~{n}}ez-Azpiroz and Hyungjun Lee and Jae-Mo Lihm and Daniel Marchand and Antimo Marrazzo and Yuriy Mokrousov and Jamal I Mustafa and Yoshiro Nohara and Yusuke Nomura},
    title = {Wannier90 as a community code: New features and applications},
    journal = {J. Phys. Condens. Matter}
}

@article{giannozzi2017advanced,
        year = {2017},
        month = {oct},
        publisher = {{IOP} Publishing},
        volume = {29},
        number = {46},
        pages = {465901},
        author = {P. Giannozzi and O. Andreussi and T. Brumme and O. Bunau and M. Buongiorno Nardelli and M. Calandra and R. Car and C. Cavazzoni and D. Ceresoli and M. Cococcioni and N. Colonna and I. Carnimeo and A. Dal Corso and S. de Gironcoli and P. Delugas and R. A. DiStasio and A. Ferretti and A. Floris and G. Fratesi and G. Fugallo and R. Gebauer and U. Gerstmann and F. Giustino and T. Gorni and J. Jia and M. Kawamura and H.-Y. Ko and A. Kokalj},
        title = {Advanced capabilities for materials modelling with {Quantum ESPRESSO}},
        journal = {J. Phys. Condens. Matter}
}

@article{giannozzi2009quantum,
        year = 2009,
        month = {sep},
        publisher = {{IOP} Publishing},
        volume = {21},
        number = {39},
        pages = {395502},
        author = {Paolo Giannozzi and Stefano Baroni and Nicola Bonini and Matteo Calandra and Roberto Car and Carlo Cavazzoni and Davide Ceresoli and Guido L. Chiarotti and Matteo Cococcioni and Ismaila Dabo and Andrea Dal Corso and Stefano de Gironcoli and Stefano Fabris and Guido Fratesi and Ralph Gebauer and Uwe Gerstmann and Christos Gougoussis and Anton Kokalj and Michele Lazzeri and Layla Martin-Samos and Nicola Marzari and Francesco Mauri and Riccardo Mazzarello and Stefano Paolini and Alfredo Pasquarello and Lorenzo Paulatto and Carlo Sbraccia and Sandro Scandolo and Gabriele Sclauzero and Ari P. Seitsonen and Alexander Smogunov and Paolo Umari and Renata M. Wentzcovitch},
        title = {{QUANTUM ESPRESSO}: A modular and open-source software project for quantum simulations of materials},
        journal = {J. Phys. Condens. Matter}
}

@article{hohenberg1964inhomogeneous,
  title = {Inhomogeneous Electron Gas},
  author = {Hohenberg, P. and Kohn, W.},
  journal = {Phys. Rev.},
  volume = {136},
  issue = {3B},
  pages = {B864--B871},
  numpages = {0},
  year = {1964},
  month = {Nov},
  publisher = {American Physical Society},
}

@article{kohn1965selfconsistent,
  title = {Self-Consistent Equations Including Exchange and Correlation Effects},
  author = {Kohn, W. and Sham, L. J.},
  journal = {Phys. Rev.},
  volume = {140},
  issue = {4A},
  pages = {A1133--A1138},
  numpages = {0},
  year = {1965},
  month = {Nov},
  publisher = {American Physical Society},
}

@book{cohen2016fundamentals,
  title={Fundamentals of Condensed Matter Physics},
  author={Cohen, Marvin L and Louie, Steven G},
  year={2016},
  publisher={Cambridge University Press}
}

@book{solyom2007fundamentals,
  title={Fundamentals of the Physics of Solids: {Volume} 1: {Structure} and Dynamics},
  author={S{\'o}lyom, Jen{\"o}},
  year={2007},
  publisher={Springer Science \& Business Media}
}

@article{mak2010atomically,
  title={Atomically thin {MoS$_2$}: A new direct-gap semiconductor},
  author={Mak, K. F. and Lee, C. and Hone, J. and Shan, J. and Heinz, T. F.},
  journal={Phys. Rev. Lett.},
  volume={105},
  number={13},
  pages={136805},
  year={2010},
  publisher={APS}
}

@article{splendiani2010emerging,
  title={Emerging photoluminescence in monolayer {MoS$_2$}},
  author={Splendiani, A. and Sun, L. and Zhang, Y. and Li, T. and Kim, J. and Chim, C.-Y. and Galli, G. and Wang, F.},
  journal={Nano Lett.},
  volume={10},
  number={4},
  pages={1271--1275},
  year={2010},
  publisher={ACS Publications}
}

@article{qiu2013optical,
  title={Optical spectrum of {MoS$_2$}: Many-body effects and diversity of exciton states},
  author={Qiu, D. Y. and da Jornada, F. H. and Louie, S. G},
  journal={Phys. Rev. Lett.},
  volume={111},
  number={21},
  pages={216805},
  year={2013},
  publisher={APS}
}

@article{ugeda2014giant,
  title={Giant bandgap renormalization and excitonic effects in a monolayer transition metal dichalcogenide semiconductor},
  author={Ugeda, M. M. and Bradley, A. J. and Shi, S.-F. and da Jornada, F. H. and Zhang, Y. and Qiu, D. Y. and Ruan, W. and Mo, S.-K. and Hussain, Z. and Shen, Z.-X. and and Wang, F. and Louie, S. G. and Crommie, M. F.},
  journal={Nat. Mater.},
  volume={13},
  number={12},
  pages={1091--1095},
  year={2014},
  publisher={Nature Publishing Group}
}

@article{ye2014probing,
  title={Probing excitonic dark states in single-layer tungsten disulphide},
  author={Ye, Z. and Cao, T. and O'brien, K. and Zhu, H. and Yin, X. and Wang, Y. and Louie, S. G and Zhang, X.},
  journal={Nature},
  volume={513},
  number={7517},
  pages={214--218},
  year={2014},
  publisher={Nature Publishing Group}
}

@article{rossler1990fine,
  title={Fine structure of quantum well excitons},
  author={R{\"o}ssler, U. and Jorda, S. and Broido, D.},
  journal={Solid State Commun.},
  volume={73},
  number={3},
  pages={209--214},
  year={1990},
  publisher={Elsevier}
}

@article{andreani1990exchange,
  title={Exchange interaction and polariton effects in quantum-well excitons},
  author={Andreani, L. C. and Bassani, F.},
  journal={Phys. Rev. B},
  volume={41},
  number={11},
  pages={7536},
  year={1990},
  publisher={APS}
}

@article{damen1991subpicosecond,
  title={Subpicosecond spin relaxation dynamics of excitons and free carriers in {GaAs} quantum wells},
  author={Damen, T. C. and Via, L. and Cunningham, J. E. and Shah, J. and Sham, L. J.},
  journal={Phys. Rev. Lett.},
  volume={67},
  number={24},
  pages={3432},
  year={1991},
  publisher={APS}
}

@article{maialle1993exciton,
  title={Exciton spin dynamics in quantum wells},
  author={Maialle, M. Z. and de Andrada e Silva, E. A. and Sham, L. J.},
  journal={Phys. Rev. B},
  volume={47},
  number={23},
  pages={15776},
  year={1993},
  publisher={APS}
}

@article{vinattieri1994exciton,
  title={Exciton dynamics in {GaAs} quantum wells under resonant excitation},
  author={Vinattieri, A. and Shah, J. and Damen, T. C. and Kim, D. S. and Pfeiffer, L. N. and Maialle, M. Z. and Sham, L. J.},
  journal={Phys. Rev. B},
  volume={50},
  number={15},
  pages={10868},
  year={1994},
  publisher={APS}
}

@article{yu2014valley,
  title={Valley depolarization due to intervalley and intravalley electron-hole exchange interactions in monolayer {MoS$_2$}},
  author={Yu, T and Wu, M. W. },
  journal={Phys. Rev. B},
  volume={89},
  number={20},
  pages={205303},
  year={2014},
  publisher={APS}
}		

@article{jones2013optical,
  title={Optical generation of excitonic valley coherence in monolayer {WSe$_2$}},
  author={Jones, A. M. and Yu, H. and Ghimire, N. J. and Wu, S. and Aivazian, G. and Ross, J. S. and Zhao, B. and Yan, J. and Mandrus, D. G. and Xiao, D. and Yao, W. and Xu, X.},
  journal={Nat. Nanotechnol.},
  volume={8},
  number={9},
  pages={634--638},
  year={2013},
  publisher={Nature Publishing Group}
}

@article{hao2016direct,
  title={Direct measurement of exciton valley coherence in monolayer {WSe$_2$}},
  author={Hao, K. and Moody, G. and Wu, F. and Dass, C. K. and Xu, L. and Chen, C.-H. and Sun, L. and Li, M.-Y. and Li, L.-J. and MacDonald, A. H. and Li, X.},
  journal={Nat. Phys.},
  volume={12},
  number={7},
  pages={677--682},
  year={2016},
  publisher={Nature Publishing Group}
}

@article{yu2014dirac,
  title={Dirac cones and {Dirac} saddle points of bright excitons in monolayer transition metal dichalcogenides},
  author={Yu, H. and Liu, G.-B. and Gong, P. and Xu, X. and Yao, W.},
  journal={Nat. Commun.},
  volume={5},
  number={1},
  pages={1--7},
  year={2014},
  publisher={Nature Publishing Group}
}

@article{qiu2015nonanalyticity,
  title={Nonanalyticity, valley quantum phases, and lightlike exciton dispersion in monolayer transition metal dichalcogenides: Theory and first-principles calculations},
  author={Qiu, D. Y. and Cao, T. and Louie, S. G.},
  journal={Phys. Rev. Lett.},
  volume={115},
  number={17},
  pages={176801},
  year={2015},
  publisher={APS}
}

@article{wu2015exciton,
  title={Exciton band structure of monolayer {MoS$_2$}},
  author={Wu, F. and Qu, F. and Macdonald, A. H.},
  journal={Phys. Rev. B},
  volume={91},
  number={7},
  pages={075310},
  year={2015},
  publisher={APS}
}

@article{mai2014many,
  title={Many-body effects in valleytronics: Direct measurement of valley lifetimes in single-layer {MoS$_2$}},
  author={Mai, C. and Barrette, A. and Yu, Y. and Semenov, Y. G. and Kim, K. W. and Cao, L. and Gundogdu, K.},
  journal={Nano Lett.},
  volume={14},
  number={1},
  pages={202--206},
  year={2014},
  publisher={ACS Publications}
}

@article{singh2014coherent,
  title={Coherent electronic coupling in atomically thin {MoSe$_2$}},
  author={Singh, A. and Moody, G. and Wu, S. and Wu, Y. and Ghimire, N. J. and Yan, J. and Mandrus, D. G. and Xu, X. and Li, X.},
  journal={Phys. Rev. Lett.},
  volume={112},
  number={21},
  pages={216804},
  year={2014},
  publisher={APS}
}

@article{hao2016coherent,
  title={Coherent and incoherent coupling dynamics between neutral and charged excitons in monolayer {MoSe$_2$}},
  author={Hao, K. and Xu, L. and Nagler, P. and Singh, A. and Tran, K. and Dass, C. K. and Sch\"{u}ller, C. and Korn, T. and Li, X. and Moody, G.},
  journal={Nano Lett.},
  volume={16},
  number={8},
  pages={5109--5113},
  year={2016},
  publisher={ACS Publications}
}

@article{mak2013tightly,
  title={Tightly bound trions in monolayer {MoS$_2$}},
  author={Mak, K. F. and He, K. and Lee, C. and Lee, G. H. and Hone, J. and Heinz, T. F. and Shan, J.},
  journal={Nat. Mater.},
  volume={12},
  number={3},
  pages={207--211},
  year={2013},
  publisher={Nature Publishing Group}
}

@article{brixner2005two,
  title={Two-dimensional spectroscopy of electronic couplings in photosynthesis},
  author={Brixner, Tobias and Stenger, Jens and Vaswani, Harsha M. and Cho, Minhaeng and Blankenship, Robert E. and Fleming, Graham R.},
  journal={Nature},
  volume={434},
  number={7033},
  pages={625--628},
  year={2005},
  publisher={Nature Publishing Group}
}

@article{panitchayangkoon2010long,
  title={Long-lived quantum coherence in photosynthetic complexes at physiological temperature},
  author={Panitchayangkoon, Gitt and Hayes, Dugan and Fransted, Kelly A. and Caram, Justin R. and Harel, Elad and Wen, Jianzhong and Blankenship, Robert E. and Engel, Gregory S.},
  journal={Proc. Natl. Acad. Sci. U.S.A.},
  volume={107},
  number={29},
  pages={12766--12770},
  year={2010},
  publisher={National Acad Sciences}
}

@article{li2006many,
  title={Many-body interactions in semiconductors probed by optical two-dimensional {Fourier} transform spectroscopy},
  author={Li, Xiaoqin and Zhang, Tianhao and Borca, Camelia N. and Cundiff, Steven T.},
  journal={Phys. Rev. Lett.},
  volume={96},
  number={5},
  pages={057406},
  year={2006},
  publisher={APS}
}

@article{graham2012two,
  title={Two-dimensional electronic spectroscopy reveals the dynamics of phonon-mediated excitation pathways in semiconducting single-walled carbon nanotubes},
  author={Graham, Matt W. and Calhoun, Tessa R. and Green, Alexander A. and Hersam, Mark C. and Fleming, Graham R.},
  journal={Nano Lett.},
  volume={12},
  number={2},
  pages={813--819},
  year={2012},
  publisher={ACS Publications}
}

@article{moody2015intrinsic,
  title={Intrinsic homogeneous linewidth and broadening mechanisms of excitons in monolayer transition metal dichalcogenides},
  author={Moody, Galan and Dass, Chandriker Kavir and Hao, Kai and Chen, Chang-Hsiao and Li, Lain-Jong and Singh, Akshay and Tran, Kha and Clark, Genevieve and Xu, Xiaodong and Bergh{\"a}user, Gunnar and others},
  journal={Nat. Commun.},
  volume={6},
  number={1},
  pages={1--6},
  year={2015},
  publisher={Nature Publishing Group}
}

@article{czech2015measurement,
  title={Measurement of ultrafast excitonic dynamics of few-layer {MoS$_2$} using state-selective coherent multidimensional spectroscopy},
  author={Czech, Kyle J. and Thompson, Blaise J. and Kain, Schuyler and Ding, Qi and Shearer, Melinda J. and Hamers, Robert J. and Jin, Song and Wright, John C.},
  journal={ACS Nano},
  volume={9},
  number={12},
  pages={12146--12157},
  year={2015},
  publisher={ACS Publications}
}

@article{jones2016excitonic,
  title={Excitonic luminescence upconversion in a two-dimensional semiconductor},
  author={Jones, Aaron M and Yu, Hongyi and Schaibley, John R and Yan, Jiaqiang and Mandrus, David G and Taniguchi, Takashi and Watanabe, Kenji and Dery, Hanan and Yao, Wang and Xu, Xiaodong},
  journal={Nat. Phys.},
  volume={12},
  number={4},
  pages={323--327},
  year={2016},
  publisher={Nature Publishing Group}
}

@article{yang2015long,
  title={Long-lived nanosecond spin relaxation and spin coherence of electrons in monolayer {MoS$_2$} and {WS$_2$}},
  author={Yang, Luyi and Sinitsyn, Nikolai A. and Chen, Weibing and Yuan, Jiangtan and Zhang, Jing and Lou, Jun and Crooker, Scott A.},
  journal={Nat. Phys.},
  volume={11},
  number={10},
  pages={830--834},
  year={2015},
  publisher={Nature Publishing Group}
}

@book{winkler2003spin,
  title={Spin-Orbit Coupling in Two-Dimensional Electron and Hole Systems},
  author={Winkler, R. and Papadakis, S. and De Poortere, E. and Shayegan, M.},
  volume={41},
  year={2003},
  publisher={Springer}
}